2072 2998
314 157 387 203 ΜΒ.
400 157 456 204 vn.
485 158 565 204 CAP.
581 157 623 204 37.
806 154 850 209 l'll

55 259 194 314 radicibus
204 255 314 320 montis,
329 257 432 330 egregie
441 256 561 312 munitus
573 265 651 330 atque
660 260 774 315 exomni
783 270 856 332 pute

57 333 248 388 cirurmcisus:
269 330 360 403 (quem
371 333 393 386 si
404 339 519 388 tenerent
527 333 619 398 nostri,
635 340 661 388 et
668 350 752 406 equae
760 351 856 408 magna

58 417 164 480 parreet
173 403 348 478 pabulatione
361 405 442 462 libera
459 407 616 479 pruhibituri
630 407 718 462 hostes
729 407 856 464 videban-
943 415 946 422 '

57 493 111 551 tur;
132 481 184 537 sed
194 483 219 535 is
231 479 305 533 loeus
315 481 443 550 praesidio
455 482 489 536 ab
504 481 599 537 iieuon
609 481 690 536 nimie
700 482 776 537 firmo
785 490 856 538 tene·

52 557 154 630 batum)
164 566 256 610 tamen
266 552 371 608 silentio
380 556 461 610 noetis
472 556 573 621 Caesar,
581 573 615 611 ex
623 557 714 636 eastris
721 574 852 632 egressus,

52 634 131 702 prius
149 645 237 700 quam
250 628 371 683 subsidio
389 646 422 684 ex
435 631 531 702 oppido
544 632 627 686 veniri
641 640 737 702 posset,
758 630 855 686 deiecto

54 704 193 778 praesidio
203 703 303 773 potitus
314 700 378 766 loeo,
394 703 459 758 duas
472 705 509 760 ibi
521 703 635 778 legiones
644 705 786 771 collocavit,
801 705 855 761 fos-

55 776 312 854 samqueduplioem
318 776 468 833 duodenum
478 779 575 849 pedum
584 797 599 835 a
608 781 753 848 maioribus
761 782 854 836 cestrie

54 855 88 910 ad
101 856 212 910 minora
227 850 361 924 pacarit,
381 860 411 907 ut
421 861 476 908 tuto
489 854 523 908 ab
537 855 670 926 repentino
684 856 800 912 hostium
813 856 855 911 in·

53 948 136 986 cursu
144 930 229 983 etiam
241 924 342 998 singuli
350 943 493 982 commeare
503 935 617 999 possent.

109 1001 255 1059 XXXVII.
275 1001 769 1078 DumhaecadGergoviamgeruntur,
785 1003 855 1061 Con-

53 1076 218 1135 uictolitauis
228 1075 347 1140 Aeduus,
355 1077 397 1130 cui
407 1077 588 1155 magistratum
597 1078 854 1152 adsignatumaCae-

53 1172 113 1210 sare
124 1150 378 1215 demonstravimus,
395 1150 546 1207 sollicitatus
556 1152 590 1207 ab
598 1153 722 1209 Arvernis
731 1156 851 1226 pecunia,

53 1224 501 1300 cumquibusdamadoleeeentibus
510 1226 674 1299 colloquitur,
682 1237 854 1301 quorumerat

53 1305 183 1376 princeps
191 1299 327 1354 Litavieus
337 1300 589 1372 atqneeiussratres,
605 1303 767 1374 amplissima
776 1303 853 1359 lami-

53 1377 91 1433 lia
106 1377 163 1431 nati
178 1373 365 1429 adolescentes.
386 1374 453 1431 Cum
468 1375 501 1430 iis
515 1377 660 1447 praemium
679 1379 854 1434 communicat
948 1395 951 1406 ·

6 1461 8 1470 ¹
53 1452 241 1522 hortaturque,
258 1457 288 1503 ut
301 1465 329 1503 ee
341 1451 433 1504 lituos
442 1459 466 1505 et
479 1455 587 1518 imperio
596 1460 670 1506 naua
679 1457 850 1508 nemineum:

55 1543 139 1581 unam
147 1524 354 1579 maurorum
363 1529 499 1588 civitatem,
507 1530 745 1593 quaeamueimnm
751 1525 854 1581 Gallice

55 1602 346 1666 victoricmdr'atr'nect5
364 1603 420 1654 elue
428 1604 584 1656 auctoritate
591 1598 708 1668 reliquae
717 1604 853 1667 acclinem

58 1693 115 1746 qua
130 1677 297 1738 transducta,
319 1676 402 1727 locam
418 1678 571 1728 conectendi
585 1673 705 1728 cheanie
721 1678 750 1728 in
765 1673 854 1728 Gallia

58 1766 115 1803 non
126 1753 193 1818 sere:
210 1765 265 1804 ecee
275 1751 400 1802 numella
413 1766 440 1804 ee
451 1748 571 1804 &cama
585 1752 703 1819 beneficio
715 1753 851 1818 adlectum,

59 1828 101 1880 eie
112 1831 202 1887 mmm,
211 1832 241 1878 ut
250 1826 419 1877 iustissimam
427 1828 497 1892 apud
507 1841 563 1877 eum
576 1841 692 1880 causeam
702 1827 839 1879 obtinuerit
843 1844 853 1892 ,·

58 1901 106 1954 aed
122 1899 185 1966 plue
203 1900 332 1952 cmumam'
344 1898 457 1952 libertati
471 1901 596 1952 tribuere:
617 1917 664 1954 cur
681 1904 749 1953 enim
766 1904 854 1967 potirer

58 1976 144 2030 Aedui
152 1976 183 2028 de
191 1989 239 2028 cuo
252 1977 312 2027 iura
324 1979 348 2025 et
360 1975 390 2025 de
400 1975 497 2041 leqe‘btu
505 1977 540 2028 ad
553 1973 686 2029 Caesarem
699 1978 853 2042 disceptato-

57 2067 123 2114 rem,
139 2065 218 2118 quam
225 2048 338 2102 Romani
351 2048 502 2110 &Aeduae
518 2047 641 2105 veniant?
660 2049 780 2104 Celeriter
790 2047 853 2104 adn·

58 2121 218 2178 icruentibus
227 2129 253 2176 et
261 2120 378 2176 oratione
388 2121 556 2194 magistratus
566 2132 591 2178 et
599 2124 714 2194 praemio
723 2123 850 2186 deductis,

60 2213 147 2270 quum
160 2213 189 2251 sc
201 2195 244 2251 vel
255 2195 388 2268 principer
404 2196 461 2250 eius
474 2197 576 2252 consilii
590 2197 643 2254 lore
659 2199 850 2270 profiterentur,

60 2272 127 2327 ratic
135 2270 289 2344 perficiendi
299 2269 480 2341 quaerebatur,
492 2272 564 2343 quod
575 2273 706 2328 civitatem
714 2280 811 2327 temere
820 2271 853 2325 ad

59 2341 260 2418 suscipiendum
281 2344 382 2400 bellum
403 2344 497 2401 adduci
515 2363 592 2418 posse
609 2365 661 2402 non
681 2344 852 2401 confidebant.

58 2421 170 2486 Placuit,
182 2420 222 2476 uti
231 2419 366 2476 Litavicus
375 2419 464 2474 decern
474 2419 527 2475 illis
536 2419 664 2486 millibus,
676 2435 745 2490 quae
751 2418 853 2472 Caesari

58 2498 92 2553 ad
101 2495 204 2552 bellum
214 2495 387 2560 mitterentur,
409 2495 589 2566 praeficeretur
602 2503 681 2568 atque
693 2509 722 2546 ea
736 2490 853 2546 ducenda

59 2579 176 2636 curaret,
202 2568 350 2642 fratresque
366 2569 424 2625 eius
442 2569 476 2624 ad
494 2569 631 2626 Caesarem
649 2574 852 2640 praecurrerent.

59 2646 180 2720 Reliqua,
193 2661 247 2718 qua
257 2643 356 2700 ratione
364 2644 407 2718 agi
415 2643 522 2716 placeat,
533 2643 705 2700 constituunt.
