2078 2996
300 141 414 187 L1u.a1.
445 140 524 186 CAP.
537 139 578 186 ⁴³.
593 141 635 186 44.
817 139 867 192 ³¹3
935 146 938 155 “

78 239 225 304 madversa,
246 237 494 295 sesciacolumeein
508 239 750 296 castraconlerunt.
775 242 871 300 Milites

78 314 111 370 'ad
121 332 206 370 uuum
217 331 308 370 omues
318 313 517 370 interficiuntur.

133 424 226 478 XLlll.
247 423 295 476 llis
308 421 387 476 robus
400 422 519 495 cognitis,
540 421 576 477 M.
591 420 676 476 Rufus
690 431 820 494 quaestor,
843 427 869 480 in
940 427 946 433 ’

76 499 169 552 castris
180 497 285 551 relictus
295 513 309 550 a
320 495 439 560 Curione,
446 498 594 552 cohortatur
605 513 676 560 suos,
685 515 717 552 ne
728 499 815 552 auimo
825 500 870 553 de-

76 573 177 628 ficiant.
198 569 240 638 llli
249 577 323 624 orant
333 578 409 642 atque
422 572 564 636 obsecrant,
584 579 614 626 ut
629 573 655 626 in
669 571 784 626 Siciliam
795 575 870 628 navi-

75 647 129 702 bus
140 652 312 717 reportentur.
332 645 476 709 Pollicetur,
498 647 684 720 magistrisque
698 648 808 718 imperat
823 666 868 702 na-

76 722 164 785 vium,
180 726 210 774 ut
218 719 304 790 primo
314 737 419 792 vespere
429 738 520 776 omnes
529 721 638 793 scaphas
650 721 682 776 ad
697 721 758 776 litus
776 722 870 793 adpul-

77 813 122 850 sas
145 793 264 849 habeant.
287 793 337 849 Sed
356 803 443 850 tantus
462 795 512 852 luit
531 797 651 850 manium
670 803 758 862 terror,
783 797 867 852 otalii

77 871 170 925 adesso
184 869 271 942 copias
289 870 368 924 lubae
383 870 506 936 dicerent,
530 870 575 925 alii
589 887 650 925 curn
665 870 813 944 legionibus
828 873 869 927 in-

76 953 146 1000 stare
154 944 262 1008 Varum,
276 945 380 1016 iamque
389 961 418 1001 se
427 945 561 1016 pulverem
574 946 735 1000 venientium
750 963 867 1004 cernere:

76 1035 192 1092 quarum
203 1037 290 1073 rerum
301 1019 366 1075 nihil
378 1021 486 1074 omuino
495 1020 633 1087 acciderat3
647 1019 692 1074 alii
702 1020 810 1076 classem
822 1023 870 1076 ho-

75 1096 158 1148 stium
168 1094 283 1148 celeriter
292 1093 471 1148 advolaturam
480 1094 680 1164 suspicarentur.
700 1097 799 1168 ltaque,
811 1115 868 1167 per·

75 1169 172 1223 territis
181 1169 316 1232 omnibuS,
328 1167 378 1221 sibi
389 1169 503 1238 quisque
512 1167 670 1222 consulebat
690 1167 739 1234 Qui
752 1171 778 1226 in
788 1171 870 1226 classe

75 1251 162 1308 erant,
189 1241 318 1315 proficisci
342 1242 527 1312 properabant:
560 1242 655 1296 horum
677 1241 738 1316 luga
760 1247 868 1300 navium

76 1318 256 1372 onerariarum
268 1316 408 1388 magistros
419 1316 549 1371 incitabat:
561 1317 635 1386 pauci
646 1316 779 1372 lenunculi
789 1319 822 1372 ad
831 1319 870 1374 ol-

1 1390 2 1393 ’
77 1393 168 1447 ficium
179 1391 373 1461 imperiumque
381 1391 582 1444 conveniebant:
597 1389 642 1444 sed
653 1399 721 1444 tanta
729 1400 869 1454 eratoom·

75 1466 153 1539 pletis
170 1466 302 1528 litoribus,
322 1464 460 1523 contentio,
482 1465 528 1534 qui
548 1464 714 1534 potissimum
728 1483 761 1518 ex
775 1484 871 1540 magno

76 1557 188 1597 numero
196 1537 406 1601 conscenderent,
418 1545 447 1592 ut
458 1538 624 1592 multitudino
633 1545 710 1608 atque
719 1555 795 1592 onere
806 1558 871 1594 non-

75 1615 151 1744 billi
165 1613 383 1740 deprimerentur,
407 1612 502 1684 reliqui
517 1611 566 1667 hoe
580 1612 673 1666 timore
684 1613 792 1684 propius
802 1613 875 1670 adire.

152 1705 197 1742 ren
210 1704 252 1741 ur.

133 1801 228 1856 XLIV.
248 1797 352 1866 Quibus
371 1801 449 1855 rebus
465 1801 564 1867 accidit,
584 1809 614 1856 ut
626 1801 701 1874 pauci
717 1801 812 1857 milites
825 1821 872 1874 pa-

77 1888 184 1950 tresque
202 1874 325 1940 familiae,
346 1877 393 1948 qui
410 1885 454 1930 aut
466 1877 558 1950 gratia,
578 1885 623 1932 aut
637 1877 811 1932 misericordia
826 1896 872 1932 va·
913 1897 914 1900 ¹

77 1953 170 2018 lerant,
189 1960 235 2008 aut
248 1969 328 2006 naves
344 1951 440 2006 adnare
454 1959 568 2022 possent.
591 1952 693 2024 recepti,
714 1952 740 2006 in
756 1952 871 2008 Siciliam

78 2028 224 2084 incolumes
234 2027 414 2100 pervenirent:
436 2027 551 2098 reliquae
562 2028 659 2098 copiae,
674 2027 764 2083 missis
774 2028 806 2083 ad
820 2029 871 2084 Va-
928 2067 931 2079 ,

78 2121 140 2158 rum
161 2111 238 2158 noctu
258 2101 401 2176 legamrum
421 2119 531 2157 narmero
547 2103 751 2168 centurionibus,
774 2121 830 2159 seso
848 2103 871 2159 ei

81 2176 248 2232 dediderunt:
269 2194 384 2249 quorum
394 2177 511 2232 cobortes
522 2177 637 2232 militum
651 2187 752 2250 postero
762 2179 804 2234 die
814 2188 872 2234 ante
943 2188 947 2197 ¹

81 2251 208 2322 oppidum
218 2251 282 2306 luha
291 2253 466 2325 conspicatus,
482 2271 558 2308 suam
568 2271 625 2308 esso
633 2253 785 2324 praedicans
799 2271 873 2324 praa-
950 2264 953 2270 ’

82 2326 153 2390 dam,
175 2342 298 2398 magnam
316 2337 415 2400 partem
433 2345 523 2384 eorum
536 2329 645 2384 interfici
661 2327 750 2388 iussit:
776 2344 873 2397 paucos

81 2401 175 2460 electos
189 2399 218 2454 in
232 2417 343 2472 regnum
361 2403 470 2458 remisit.
494 2402 583 2469 Quum
594 2404 679 2457 Varus
698 2417 774 2454 suam
795 2400 873 2454 iidem

83 2476 116 2532 ab
131 2491 163 2531 eo
177 2473 243 2529 laedi
259 2485 417 2546 quaerebar,
439 2494 524 2548 noque
542 2477 662 2532 resistere
678 2473 796 2528 auderet:
818 2475 875 2545 ipse

82 2568 151 2623 equo
160 2549 188 2604 in
201 2548 328 2621 oppidum
342 2559 441 2616 vectus,
460 2549 680 2624 prosequentibus
694 2547 875 2619 compluribus

84 2625 256 2690 senatoribus,
274 2641 329 2698 quo
337 2625 365 2680 in
375 2643 483 2682 numero
491 2633 545 2682 erat
554 2626 611 2682 Ser.
621 2622 756 2695 Sulpicius
769 2630 794 2678 et
807 2623 875 2678 lici-
