2072 2998
171 145 219 200 {28
371 148 421 195 DE
443 148 567 194 BELL'O
592 146 759 196 eanmco

168 248 209 304 ilii
219 245 377 305 detrahenda
389 240 489 318 auxilia
501 247 677 313 existimabat,
700 262 783 322 quam
796 247 886 320 ipsum
900 247 969 306 beiio
1026 213 1027 278 i

169 323 316 392 lacesseret,
338 339 380 389 no,
392 323 525 396 desperata
535 321 629 387 salute,-
643 329 726 376 autse
735 321 763 376 in
772 323 910 395 Menapios
924 325 971 380 ab·
1026 347 1027 376 i

168 399 250 465 deret,
271 404 391 454 autenm
406 396 603 453 transrhenanis
613 395 736 468 oongrsdi
749 405 897 469 cogeretur.
917 399 971 454 Hm

169 475 235 532 inito
248 470 367 538 oonsilio,
386 473 466 527 totius
479 471 608 526 exermtus
625 469 814 541 impedimenta
827 470 863 526 ad
875 471 972 528 Labie-

170 565 237 604 num
246 547 275 603 in
285 547 406 602 Treviros
414 545 502 610 mittit,
517 544 637 616 duasque
647 544 763 617 legiones
772 543 806 599 ad
816 561 879 600 eum
889 547 972 618 profi-

170 623 232 678 cisei
242 622 328 677 iubet:
349 620 405 694 ipse
416 637 478 675 eum
497 618 645 692 legionibus
662 617 793 690 expeditis
806 620 931 692 quinqua
943 623 971 689 in

169 697 304 768 Menapios
312 693 504 823 proficiscitur.
533 692 584 759 Illi,
608 691 683 749 nulla
701 700 788 750 ooaeta
805 710 900 761 manu,
923 694 972 754 looi
1026 741 1027 750 ,

169 768 301 844 praesidio
351 768 381 834 ti,
396 769 425 825 in
433 768 515 826 silvas
525 767 689 842 paludesque
697 767 856 842 eoniugiunt
867 786 973 845 suaque

169 845 261 901 eodem
270 842 417 900 senserunt.

224 919 269 975 VL
290 917 394 984 Caesar,
413 915 515 989 partitis
534 916 616 989 sepiis
629 933 691 974 eum
705 916 737 974 G.
751 917 835 973 Fabio
846 915 973 993 iegatoet

169 993 207 1049 11.
218 991 312 1048 Crasso
321 999 467 1064 quaestore,
481 989 754 1066 aeleriterqueeffeotis
762 992 900 1064 pontibus,
918 995 974 1051 adit

170 1067 307 1138 tripartito,
319 1065 436 1122 aedificia
444 1065 569 1138 aiensque
578 1066 702 1133 inoendit,
713 1083 810 1140 magno
819 1068 924 1140 peeoris
933 1077 973 1124 at·

170 1140 605 1213 quehominumnumeropotitur.
625 1141 729 1208 Quibus
738 1141 819 1197 rebus
828 1145 972 1199 mretiate-

170 1215 251 1287 napii,
274 1214 373 1288 legatos
387 1215 420 1270 ad
434 1232 496 1270 eum
509 1215 583 1287 pacis
595 1215 720 1287 petendae
737 1233 830 1272 caussa
848 1219 971 1274 mittunt.

170 1288 224 1354 iile,
241 1289 379 1346 obsidibus
389 1289 510 1362 aoeeptis,
524 1289 642 1346 hostium
651 1290 846 1347 sehabitumm
857 1308 973 1350 numam

170 1363 315 1430 confimat,
327 1365 350 1420 si
360 1372 406 1421 aut
414 1363 604 1438 Ambiorigem,
621 1372 667 1421 aut
674 1366 732 1421 eiu
742 1365 849 1440 legatos,
868 1366 973 1424 finibus

169 1439 226 1494 suis
236 1437 400 1513 reoepissent.
413 1440 460 1496 His
468 1439 629 1496 oonfirmatis
637 1439 887 1505 rebus,Commium
894 1441 973 1498 Atre·

169 1514 327 1571 batemeum
337 1516 455 1588 equitatu
464 1515 580 1571 custodis
593 1513 971 1597 loeoinbienapiisreliuquit;
1026 1539 1027 1634 p

169 1589 263 1662 ipsein
274 1590 395 1648 Treviros
404 1590 584 1663 proficiscitur.
594 1605 608 1624 ·

224 1665 278 1721 VII.
298 1667 368 1720 Dum
377 1665 464 1720 baeea
476 1664 585 1720 Caesare
593 1669 730 1738 geruntur,
739 1662 850 1730 Treviri,
861 1666 973 1739 magnis

168 1738 263 1792 eoaotis
276 1739 407 1810 peditatus
424 1739 609 1810 equitatusque
624 1737 717 1810 eopiis,
739 1736 888 1794 Labienum
905 1756 973 1796 oum
1026 1807 1027 1814 ἵ

168 1829 222 1866 una
234 1811 345 1886 legione,
366 1829 434 1885 quaa
445 1812 474 1866 in
485 1829 576 1868 eorum
590 1812 689 1868 finibus
704 1811 845 1878 hiemabat,
870 1813 973 1870 adoriri

127 1885 132 1890 '
169 1885 308 1956 parabant:
329 1887 436 1959 iamque
445 1886 581 1942 abeonon
591 1886 696 1960 longius
706 1885 782 1942 bidui
792 1886 835 1943 via
846 1887 970 1957 aberant,

168 1959 330 2030 quumduas
339 1961 443 2016 venisse
451 1959 567 2034 legiones
576 1961 784 2016 missuCaesan's
793 1971 970 2036 mgnoseama.

168 2032 263 2087 Positis
272 2034 364 2088 castris
373 2049 389 2088 a
398 2033 518 2090 millibus
527 2051 656 2108 passuum
666 2036 725 2102 XV,
741 2035 840 2091 auxilia
855 2036 972 2094 Germa-

167 2121 264 2162 norum
276 2113 424 2178 exspeotere
437 2110 609 2166 eonstituunt.
629 2110 771 2176 Labienus,
791 2110 909 2166 hostium
923 2129 972 2168 eo-

166 2180 240 2254 gnito
250 2181 369 2246 oonsilio,
390 2199 508 2254 sperans,
530 2185 672 2240 temeritate
683 2201 774 2241 eorum
783 2183 837 2240 iore
846 2185 970 2258 aliquam
1026 2195 1027 2254 1

166 2253 310 2311 dimicandi
319 2253 478 2325 facultatem,
488 2259 619 2331 praesidio
627 2259 773 2316 eohortium
782 2261 905 2333 quinque
914 2262 971 2318 im-

166 2329 323 2402 pedimentis
344 2331 442 2399 reiieto,
466 2349 529 2390 oum
549 2334 627 2389 XXV
645 2334 797 2390 cohortibus
814 2351 971 2409 magnoque

166 2405 284 2479 equitatu
293 2413 383 2463 eontra
393 2407 496 2464 bostem
509 2407 682 2480 proficiseimr
690 2417 724 2476 et,
740 2409 767 2465 u
779 2425 910 2482 passuum
924 2411 971 2468 iu·

167 2481 288 2537 termisso
297 2482 390 2556 spatio,
401 2490 484 2539 eastra
493 2483 648 2539 eommunit
667 2483 729 2538 Erat
740 2483 808 2538 inter
816 2483 970 2542 Labienum

166 2556 356 2626 atquehostem
365 2557 468 2614 difhoiii
481 2557 593 2614 transitu
606 2556 707 2613 flumen
723 2558 842 2630 ripisque
853 2575 970 2630 praeru-

165 2627 231 2700 ptis:
252 2630 465 2708 boenequeipse
477 2631 855 2699 hansbeinanimobabebat,
877 2649 970 2708 neque
