2072 2998
178 157 225 210 ⁴66
390 159 440 205 DE
462 159 585 204 BELLO
605 158 770 206 obunco

174 261 319 336 proposuit,
341 259 522 330 militibusque
540 259 649 332 signum
667 257 747 312 dedit.
768 257 810 313 Illi
828 260 924 316 subito
943 279 978 316 ex

175 336 301 392 omnibus
309 331 895 408 partibusevolaveruntmurumqueceleritor
901 353 978 391 com—

196 413 322 470 loverunt.

92 539 94 546 ,
176 430 195 485 p
231 487 352 543 XXVIII.
372 486 471 549 Hostes,
487 499 515 538 nc
524 480 736 552 novaperterriti,
751 499 830 538 muro
838 484 979 540 turribus-

160 594 163 614 ,
177 580 230 634 que
238 561 337 622 deiecti,
349 559 377 614 iu
386 559 440 614 loro
450 575 479 614 ac
487 557 550 612 locis
563 557 749 628 patentioribus
761 559 900 614 cuneatim
913 577 979 615 cou-

177 638 306 701 stitcrunt,
319 635 368 690 hoo
380 633 477 697 animo,
487 640 526 694 ut,
541 632 564 686 si
573 649 626 703 qua
635 649 669 685 ex
677 639 749 702 parta
761 632 871 688 obviam
886 643 979 690 contra

176 711 319 774 veniretur,
331 707 384 762 acie
394 703 518 762 instructa
527 706 715 780 depugnarent.
735 706 787 761 Ubi
798 708 941 766 neminem
951 710 979 765 io

177 801 293 858 aequum
307 782 394 837 locum
407 799 463 837 sese
472 781 614 844 demittere,
635 781 682 834 sed
694 788 747 835 toto
760 781 885 853 undiquc
898 801 979 840 muro

178 857 354 915 circumfundi
364 855 591 921 viderunt-veriti,
606 855 756 910 neomnino
765 870 827 927 spes
836 856 918 931 fugae
928 859 979 914 tol-

178 932 282 998 leretur,
294 932 400 986 abiectis
408 931 499 996 armis,
515 929 622 985 ultimas
630 928 720 1002 oppidi
728 938 815 1002 partes
828 933 978 989 continenti

178 1009 278 1079 impetu
286 1006 446 1078 petiverunt:
467 1021 581 1078 parsque
593 1005 640 1071 ibi,
663 1022 748 1077 quum
761 1010 878 1079 angusto
886 1017 979 1079 ports-

178 1099 240 1137 rum
258 1081 331 1136 exitu
343 1099 372 1136 se
386 1080 437 1153 ipsi
455 1088 610 1152 premerent,
630 1098 645 1135 a
661 1079 803 1148 militibus3
825 1098 900 1152 pars,
922 1083 979 1139 iam

178 1173 281 1230 egressa
290 1155 381 1228 portis,
393 1155 427 1210 ab
434 1155 568 1227 equitibus
576 1163 616 1211 cst
626 1153 768 1209 interiecta:
779 1171 828 1209 nec
836 1154 889 1210 fuit
899 1159 979 1228 quis-
1018 1162 1019 1224 l

178 1248 269 1302 quam,
285 1231 332 1303 qui
343 1229 451 1302 praedae
459 1229 583 1284 studeret.
603 1229 646 1283 Sic
654 1237 680 1283 ct
688 1228 837 1284 Genobensi
846 1231 938 1297 caede,
954 1239 979 1288 et
1018 1225 1019 1236 ¹

179 1305 266 1360 labore
274 1307 359 1378 operis
369 1304 476 1364 incitati,
497 1311 640 1359 nonaetate
652 1302 782 1368 mulcetis,
804 1320 859 1359 nou
876 1306 979 1363 mullo-

178 1380 263 1446 ribus,
283 1397 337 1435 noo
354 1378 497 1434 infantibus
515 1387 694 1450 pepercerunt.
718 1378 837 1450 Demque
849 1395 886 1435 ex
901 1384 979 1438 omui

179 1471 209 1510 eo
224 1473 342 1521 numero,
364 1454 410 1528 qui
430 1452 481 1509 luit
493 1453 593 1508 circiter
606 1453 653 1508 XL
668 1451 792 1517 millium,
813 1453 863 1509 vix
875 1456 977 1522 DCCC,

179 1531 227 1603 qui
237 1531 322 1603 primo
334 1529 445 1585 clamore
457 1528 545 1584 audito
554 1546 583 1582 ss
592 1545 626 1583 ex
638 1527 733 1598 oppido
747 1527 885 1594 eiecerunt,
902 1530 979 1587 incc-

180 1603 266 1662 lumes
274 1607 309 1662 ad
319 1605 552 1677 Vercingetorigem
562 1609 745 1674 pervenerunt.
758 1601 830 1668 Quos
839 1603 896 1669 ille,
904 1606 979 1660 mul-

179 1689 206 1735 ta
216 1682 360 1746 iamnocte,
380 1679 483 1734 silentio
497 1696 529 1732 ex
539 1677 602 1750 luga
611 1677 719 1748 excepit,
742 1675 861 1748 (veritus,
877 1693 978 1752 nequa

181 1756 209 1810 in
219 1756 310 1811 castris
319 1773 352 1810 ex
365 1771 456 1809 eorum
470 1769 598 1808 concursu
608 1759 633 1806 et
650 1749 826 1804 misericordia
841 1752 919 1826 vulgi
934 1772 979 1810 se-

180 1829 244 1885 ditio
252 1828 383 1900 oriretur,)
397 1837 435 1893 ut,
450 1826 540 1899 procul
555 1827 583 1882 in
598 1826 640 1882 via
650 1825 783 1897 dispositis
796 1824 978 1884 familiaribus

180 1904 237 1958 suis
252 1903 469 1974 principibusque
486 1901 631 1967 civitatum,
650 1898 822 1972 disparandos
840 1900 979 1958 deducen-

180 1976 281 2048 dosque
289 1976 323 2032 ed
332 1993 394 2030 suos
403 1983 587 2048 curaret,quae
596 1976 694 2048 cuique
701 1974 799 2030 civitati
806 1991 869 2046 pars
876 1985 978 2033 castro-

180 2067 240 2104 rum
251 2049 284 2104 ab
293 2049 368 2111 initIo
377 2050 526 2106 obvenerat.

234 2125 337 2180 XXIX.
357 2125 460 2180 Postero
474 2125 517 2179 die
529 2124 637 2182 concilio
654 2131 800 2189 convocato,
823 2125 978 2182 consolatus

180 2199 380 2270 cohortatusque
392 2205 439 2262 cst,
457 2217 490 2254 ne
503 2217 530 2254 sc
547 2201 785 2269 admodumpom‘mo
802 2201 976 2266 demitterent,

180 2292 242 2331 novo
252 2277 468 2344 perturbarentur
480 2279 651 2330 incommodo:
669 2291 721 2328 oon
733 2278 837 2336 virtuts,
851 2291 936 2344 nequa
949 2281 979 2330 s‘n

181 2355 238 2406 acic
246 2343 337 2406 view
341 2350 475 2413 Romanos,
485 2353 529 2404 sed
537 2352 649 2418 artificio
658 2351 767 2417 quodam
776 2355 801 2401 ct
808 2351 921 2405 scientio
929 2367 978 2419 op-

178 2430 354 2494 portationis,
375 2427 448 2479 ouius
462 2441 500 2478 rcr
509 2427 610 2492 'suerint
623 2426 675 2490 ipsi
685 2426 812 2490 imperiti.-
831 2437 934 2488 errare,
952 2429 978 2479 si

182 2505 228 2568 qui
237 2504 265 2554 tn
275 2502 429 2554 tettoomnts
438 2502 561 2552 secundos
570 2513 657 2550 rorum
664 2505 802 2563 proventus
812 2506 976 2563 vesperum.-

180 2575 231 2626 sibt'
239 2590 378 2643 numquam
383 2576 521 2642 placuisse,
530 2571 670 2625 Avaricum
680 2573 789 2639 detondi,
802 2574 877 2624 culus
886 2577 929 2626 rel
937 2581 977 2626 to·

181 2651 310 2714 etost'pror
318 2650 434 2718 haberem
452 2650 497 2702 aod
505 2647 784 2716 socmmtmnsdmtto
792 2644 977 2714 Br'tum‘pumot
