2064 2996
273 121 345 165 LIB.
362 120 409 167 111.
438 121 520 167 CAP.
535 123 577 169 11.
589 123 629 170 12.
815 125 842 176 fil

58 215 151 273 rebellio
160 216 225 274 iacta
234 227 296 291 post
304 218 482 288 deditionem
503 217 845 296 defectiodatisobsidibus;

57 292 225 348 totciritntum
235 294 399 361 coniurati03
421 294 448 348 in
462 295 566 364 primis,
588 313 630 360 ne,
652 296 702 349 hae
715 307 788 368 perte
802 319 848 356 no-

53 365 132 436 glecta,
144 365 265 439 reliquae
274 368 397 422 nationes
406 366 458 420 sibi
471 367 540 423 idem
555 368 632 423 licere
650 369 846 429 arbitrarentur.

51 442 130 512 ltaque
139 457 227 513 quum
236 441 412 514 intellegeret,
425 457 517 495 omnes
527 441 675 498 lereGallcs
683 446 760 499 novis
769 447 847 502 rebus

49 515 143 569 studere
160 523 186 570 et
205 515 241 570 ad
261 515 366 572 bellum
391 514 523 569 mobiliter
543 515 712 589 celeriterque
729 521 845 587 excitari,

47 605 130 644 omnes
139 597 228 645 nutem
240 591 368 644 homines
379 599 471 642 natura
486 589 597 646 libertati
608 592 713 646 studere
723 601 748 647 et
757 595 848 648 condi-

47 663 135 718 tionem
152 663 293 720 servitutis
310 663 411 727 odisse,
430 664 506 733 prius
522 681 604 735 quam
622 665 712 737 plures
729 669 847 724 civitates

46 738 225 808 conspirarent,
249 737 425 810 partiendum
441 737 492 791 sibi
506 738 623 794 acletius
633 740 847 805 distribuendum

45 813 178 868 exercitum
187 813 308 884 putavit.
817 825 822 832 ’

92 887 138 942 ΧΙ.
159 890 255 960 ltaque
268 889 300 941 Τι
313 883 464 940 Labienum
474 884 589 958 legatum
603 888 632 944 iu
647 889 776 956 Treviros,
797 893 846 964 qui

43 962 148 1030 proximi
160 961 270 1017 llumini
281 961 377 1016 Rheno
388 965 460 1025 sunt,
472 977 534 1015 cum
543 963 661 1034 equitatu
670 964 758 1018 mittit.
779 967 846 1020 Huic

43 1035 150 1102 mandat,
169 1039 272 1092 Remos
282 1033 458 1110 reliquosque
467 1034 559 1108 Belgas
569 1036 651 1102 adeat,
673 1047 751 1110 etque
765 1040 791 1093 in
807 1039 846 1094 ol-

43 1107 94 1162 ficio
107 1111 250 1176 contineat,
275 1109 488 1179 Germanosque,
509 1110 556 1180 qui
571 1110 788 1186 auxilioallolgis
805 1119 868 1168 ar-‘

42 1183 121 1237 cessiti
133 1185 305 1248 dicebantur,
324 1183 348 1236 si
365 1182 478 1252 pervim
493 1183 607 1238 navibus
620 1183 719 1242 flumen
734 1189 846 1242 transire

41 1265 169 1324 conentur,
180 1258 339 1332 probibeat.
362 1253 525 1310 retusum
534 1271 595 1312 cnm
604 1259 754 1315 cohortibus
765 1261 845 1333 legio·

42 1331 121 1385 uariis
128 1331 271 1390 duodecim
281 1340 307 1386 et
317 1345 419 1402 mogun
429 1345 539 1385 numero
548 1332 679 1404 equitatus
692 1336 720 1389 in
735 1335 847 1406 Aquita-

42 1405 110 1458 niam
118 1409 249 1478 proficisci
268 1407 356 1469 iubet,
379 1419 412 1457 ne
427 1421 459 1458 ex
474 1404 518 1458 his
533 1406 684 1460 nationibus
699 1409 797 1462 auxilia
817 1411 845 1464 iu

40 1477 147 1536 Galliam
157 1485 304 1538 mittantur
313 1496 346 1534 ac
355 1484 442 1531 tantae
454 1479 574 1532 nationes
588 1479 791 1550 coniungantur.
812 1483 844 1546 Q.

39 1553 164 1611 Titurium
182 1556 322 1612 Sabinum
344 1551 461 1624 legatum
479 1567 542 1606 curn
557 1549 706 1624 legionibus
719 1553 805 1606 tn'bus
818 1555 846 1609 in

40 1617 147 1696 Unellos,
164 1629 349 1687 Curiosolitas
360 1627 545 1698 Lexoviosque
553 1625 642 1690 mittit,
664 1625 711 1697 qui
722 1643 779 1680 eam
790 1643 848 1681 ma-

38 1719 97 1756 num
107 1703 294 1761 distinendam
304 1708 391 1757 nurct.
412 1701 561 1754 D.Brutum
571 1699 758 1755 adolescentem
769 1699 846 1754 classi

39 1774 196 1852 Gallicisque
206 1779 339 1840 nasibus,
353 1791 421 1846 quas
431 1791 465 1828 ex
475 1774 628 1829 Pictonibus
639 1782 664 1829 et
672 1774 795 1830 Santonis
806 1793 847 1830 re-

38 1847 168 1926 liquisque
177 1853 283 1926 pacatis
295 1848 453 1922 regionibus
463 1848 603 1903 convenire
616 1849 735 1914 iusserat,
753 1850 847 1920 praefi-

37 1924 68 1976 cit
76 1935 108 1992 et,
120 1945 210 2000 quum
221 1927 348 1999 primum
358 1929 456 1994 posset,
468 1922 497 1976 in
508 1922 618 1978 Venetos
626 1923 755 1995 proficisci
766 1923 845 1980 iubet.

37 1999 90 2067 lpse
99 2019 129 2057 eo
138 2001 317 2074 pedestribus
327 1997 412 2068 copiis
422 1995 563 2052 contendit.

86 2075 145 2131 ΧΠ.
167 2079 255 2132 Erant
265 2071 403 2130 eiusmodi
413 2069 465 2124 lere
474 2071 542 2126 situs
556 2071 722 2144 oppidorum,
739 2079 777 2136 ut,
799 2089 846 2143 po

38 2146 83 2202 sita
91 2149 119 2204 in
128 2152 260 2206 extremis
275 2145 392 2219 lingulis
401 2146 648 2218 promontoriisque,
669 2163 756 2219 neque
772 2145 847 2215 pedi-

38 2220 84 2276 bus
94 2225 196 2280 aditum
206 2225 353 2283 haberent,
369 2235 454 2290 quum
464 2237 498 2274 ex
508 2219 597 2275 altose
609 2229 696 2276 aestus
711 2219 847 2274 incitavis-

38 2303 80 2360 set,
93 2301 164 2370 quod
175 2301 219 2355 bis
229 2294 333 2354 accidit
343 2309 447 2364 semper
455 2293 579 2349 horarum
591 2295 680 2351 XXIV
688 2291 782 2364 spatio,
800 2307 847 2373 ne-

39 2387 86 2438 quo
103 2375 227 2440 navibus,
252 2367 343 2444 quod,
364 2385 457 2422 rursus
473 2368 608 2422 minuente
618 2375 700 2430 aestu,
723 2377 804 2416 naves
818 2379 847 2416 111

40 2445 107 2500 vadis
126 2448 344 2505 adllietarentur.
365 2442 403 2497 lta
417 2450 529 2514 utraque
544 2459 571 2496 re
585 2441 742 2512 oppidorum
762 2450 847 2520 oppu-

41 2521 121 2585 gnatio
131 2521 351 2594 impediebatur3
364 2531 408 2590 ec,
421 2517 444 2569 si
455 2515 562 2587 quando
572 2509 755 2584 magnitudino
761 2523 847 2576 opens

43 2589 98 2649 sorte
106 2598 234 2670 superati,
257 2598 373 2648 extruso
386 2589 454 2644 mari
468 2606 562 2668 aggere
578 2604 607 2641 ac
621 2582 745 2643 molibus,
765 2587 847 2660 ¹etque
