2072 2998
182 160 229 214 190
382 163 434 210 DE
454 163 579 210 BELLO
603 161 770 210 eunuco
820 164 822 178 '

179 283 223 320 sar
232 263 378 320 Germanos
388 261 528 327 submittit,
540 261 710 336 legionesque
719 278 767 333 pro
775 261 869 318 oostn's
884 263 983 319 onusti-

180 340 240 404 tuit,
261 345 294 392 ne
326 355 361 392 ua
375 337 464 392 subito
482 337 594 408 irruptio
606 336 767 391 abhostium
785 335 907 408 peditatu
930 340 982 394 irat.

181 355 456 485 Praesididdegionum
466 411 564 476 addito,
575 412 672 466 nostris
680 411 787 466 animus
796 419 921 484 augetur:
937 413 984 468 ho·

180 495 243 553 stes,
265 487 293 543 in
305 485 397 560 iugem
409 485 526 549 oonieeti,
542 485 631 556 seipsi
644 484 814 540 multitudine
832 485 984 557 impediunt

51 615 57 624 .
143 560 150 574 “
181 571 260 634 etque
269 559 466 634 angustioribus
476 559 558 632 portis
566 558 663 614 relictis
671 568 827 614 ooartantur.
840 560 984 616 TumGer-

181 637 253 692 meni
264 636 350 690 acrius
359 651 446 706 usque
454 635 488 689 ad
497 634 658 688 munitiones
665 641 822 706 sequuntur.
834 635 879 688 Fit
887 652 983 710 magna

181 711 286 766 medos:
307 708 439 774 nonnulli,
454 707 551 764 relictis
560 707 646 780 equis,
663 707 760 764 iossam
771 707 984 764 transremens-

182 785 277 846 oeriam
287 783 470 839 transcendero
482 790 620 838 tonantur.
645 782 767 838 Paullum
786 782 905 855 legiones
921 785 984 840 Cae-

183 875 235 924 sar,
247 875 315 929 quas
324 874 373 928 pro
385 856 454 913 vallo
466 858 643 921 constituerat,
659 857 806 928 promoueri
820 857 905 912 iubet.
926 859 983 914 Non

183 933 284 995 minus,
295 932 343 1001 qui
353 932 421 987 iutro
434 931 594 986 munitiones
606 939 689 995 erant,
699 930 771 986 Gelli
779 932 982 1002 per-turbantur3

183 1004 268 1059 veniri
283 1003 317 1059 nd
333 1021 362 1058 se
377 1004 514 1060 oonlostim
532 1005 721 1069 existimantes,
743 1005 776 1060 ed
795 1021 868 1060 arum
882 1006 984 1062 oonola-

183 1087 271 1145 mant3
292 1078 413 1134 nonnulli
423 1079 552 1151 perterriti
563 1080 590 1133 in
599 1079 728 1150 oppidum
738 1063 900 1150 irrumpdnt.
921 1082 984 1137 Ver-

183 1152 328 1226 cingetorix
337 1160 426 1224 portas
435 1153 508 1208 iubet
516 1152 613 1218 plaudi,
625 1171 658 1208 ne
667 1161 750 1208 oestro
759 1152 902 1209 nudentur.
916 1155 983 1210 unt

184 1227 219 1281 tis
229 1224 379 1293 interiectis,
394 1226 577 1299 eompluribus
589 1228 666 1300 equis
678 1227 770 1299 captis,
787 1227 915 1284 Germani
930 1247 985 1284 sese

184 1300 321 1372 reeipiunt.
656 1307 662 1314 “

239 1375 337 1430 LXXI.
362 1373 568 1449 Vercingetorix,
590 1375 749 1449 priusquam
769 1374 935 1432 munitiones
953 1377 985 1432 eb

184 1450 310 1526 Ronmnis
327 1449 506 1522 perficiantur,
527 1450 667 1505 eonsilium
687 1451 765 1522 cepit,
785 1465 895 1506 omnem
911 1451 946 1506 ab
959 1469 986 1505 se

184 1526 333 1598 equitatum
348 1533 427 1581 noctu
438 1524 581 1580 dimittere.
604 1524 804 1580 Disoedentibus
817 1525 938 1590 mandat,
959 1535 986 1579 ut

184 1619 260 1657 ersom
269 1606 473 1671 quisquemon
483 1605 613 1655 eivitatem
621 1604 707 1663 adeat,
723 1615 866 1668 omoeoque,
882 1605 931 1669 qui
940 1618 987 1669 prr

171 1685 296 1731 -aetotem
306 1693 384 1730 orato
394 1680 463 1746 {me
473 1679 583 1744 possint,
605 1677 641 1728 od
654 1677 747 1728 betium
764 1682 874 1742 eoquat·
893 1691 943 1729 eoo
961 1680 988 1728 tn

114 1763 118 1769 ·
185 1753 246 1804 tttos
266 1757 360 1806 merita
375 1753 509 1818 proponit,
535 1751 736 1816 obtestaturque,
760 1756 790 1801 at
807 1765 873 1802 euno
895 1751 988 1803 solutis

185 1829 313 1879 rationem
325 1827 444 1888 labeant,
460 1839 553 1885 neoto,
570 1826 601 1875 de
614 1827 743 1876 communi
759 1823 879 1876 libertate
897 1828 988 1892 optime

185 1902 315 1961 meritum,
328 1901 441 1952 hostibus
449 1903 479 1955 in
492 1901 637 1965 eructatum
650 1899 760 1950 dedant:
779 1899 849 1964 quod
861 1901 888 1950 st
899 1901 989 1952 inditi-

186 1975 315 2039 ponttoreo
332 1976 444 2040 fuerim,
459 1974 545 2024 mittio
562 1973 692 2025 hominum
706 1972 805 2023 delecto
816 1969 932 2026 LXXX
938 1989 988 2026 ooo

186 2059 273 2097 secum
281 2048 423 2098 interitura
435 2048 608 2108 demortui-on
626 2049 729 2098 ratione
740 2047 816 2105 tatto,
831 2048 989 2112 {rumentum

187 2133 215 2171 ee
223 2121 316 2184 emique
324 2120 425 2171 dierum
434 2117 524 2171 XXX
528 2120 629 2182 tabere,
639 2121 685 2172 eod
692 2119 782 2186 ponito
794 2121 875 2172 otiam
890 2121 989 2192 longiae

188 2192 301 2246 tolerare
312 2207 386 2259 pomo
396 2193 540 2258 pertendo.
560 2191 607 2245 His
620 2191 688 2246 detis
704 2189 846 2254 mundatis,
867 2207 925 2264 qua
940 2201 992 2249 emt

188 2271 310 2321 nostrum
331 2280 399 2334 opus
420 2261 617 2330 intermissum,
640 2263 756 2320 secunda
774 2264 869 2337 vigilia
887 2267 992 2324 silentio

189 2339 336 2412 equitatum
346 2336 652 2406 dimittit3'irumentum
667 2356 745 2394 omne
755 2337 827 2393 adse
840 2338 935 2396 reterri
953 2343 991 2397 iu-

188 2415 246 2480 bet,
266 2413 358 2486 capitis
370 2429 482 2484 poenam
491 2411 534 2476 iis,
549 2413 597 2484 qui
611 2429 664 2467 non
678 2411 821 2484 paruerint,
837 2417 989 2471 eonstituit:

190 2505 279 2560 pecus,
291 2489 368 2543 ouius
379 2505 474 2561 magua
484 2494 538 2541 erat
547 2487 580 2541 ab
590 2487 741 2541 Mandubiis
753 2487 892 2558 compulsa
907 2492 990 2562 eopia.

189 2563 291 2616 viritim
300 2562 447 2630 distribuit;
463 2560 626 2616 trumentum
636 2571 746 2631 pareest
755 2561 896 2631 paullatim
908 2565 992 2619 metiri

191 2636 318 2706 instituit;
340 2638 428 2710 oopias
438 2653 539 2701 omnes,
557 2653 623 2708 ques
637 2653 685 2707 pro
697 2635 795 2707 oppido
809 2635 990 2702 collocaverat,
