2064 2996
170 139 202 192 30
370 143 420 189 DE
441 144 565 190 BE'LLO
593 142 761 190 GALLICO

169 242 289 315 spontin
310 241 343 298 de
359 243 416 298 suis
425 239 568 297 virtutibud
577 240 660 298 multa
672 239 843 313 praedicavit:
857 241 978 298 ¹Teates·-

168 319 411 380 machaonica,
425 333 477 370 nen
486 333 535 371 acu
544 325 640 384 epona,
655 321 699 371 ced
711 325 831 384 roqatum
839 322 864 368 et
875 333 977 372 arceo-

168 397 273 447 eituma
286 391 384 459 Gallic,·
404 395 518 446 mantne
527 407 622 459 muana
631 407 675 459 epe
683 395 833 459 maqmcque
838 396 977 456 praemiis

168 471 271 522 domum
277 470 484 535 propinquosque
495 468 644 534 reliquium
661 469 733 519 eedec
745 467 838 518 nabere
854 467 884 517 in
900 464 976 520 Gal·

169 543 215 604 iia,
226 544 260 596 ull
269 545 333 609 ipris
342 555 488 606 cmuceeeam
505 542 604 594 accida
612 543 728 607 ipccmm
736 541 868 593 uoluntate
876 541 974 609 actos,-

167 619 323 684 etipendium
332 630 423 679 capere
431 616 490 666 iure
503 616 571 676 belii,
591 617 659 682 quod
670 618 781 668 uictores
792 616 870 667 uictis
882 616 975 681 impo-

169 705 230 743 nere
239 692 385 743 coacuerint
389 706 399 754 ,·
418 704 532 742 nonense
543 687 636 752 Gallie,
653 692 698 742 ced
709 687 799 742 Gallae
807 689 858 740 eibi
872 689 975 743 bollum

168 765 299 829 intuitum
318 778 404 816 omnee
419 761 522 818 Gallice
536 767 652 817 ciuitates
669 767 704 818 ccl
721 779 748 816 ee
766 765 973 829 oppuqnandum

168 839 275 900 caliace,
286 853 319 891 cc
329 844 420 890 contro
427 853 455 890 ec
464 846 553 892 castra
561 839 692 905 homnem
703 853 747 892 ece
755 852 840 890 manee
850 840 941 904 copiae
950 855 973 892 a

168 926 254 964 eeunc
260 913 361 978 praelio
372 916 446 980 succe
453 929 489 966 ac
502 919 639 980 ereperatas
652 928 719 978 cece;
738 915 763 965 ei
777 915 871 964 iterum
886 927 971 979 empe-

169 988 220 1039 rirc'
227 987 315 1048 veiint,
335 990 429 1040 iterum
439 995 564 1053 paratum
576 1003 630 1040 eece
643 990 788 1052 duratura·
807 988 831 1038 ei
846 1001 914 1052 pace
927 992 972 1040 uti

169 1061 256 1122 uelint,
268 1063 385 1128 iniquam
394 1076 455 1121 ease,
465 1063 497 1114 de
505 1065 631 1128 elipendia
641 1077 770 1121 recusare,
784 1062 851 1128 quod
860 1075 911 1114 sua
920 1077 971 1114 uo-

170 1136 312 1188 luntatead
321 1137 349 1187 id
358 1137 636 1202 tempuedependerimt.
655 1138 804 1188 Amicitiam
813 1136 904 1201 populi
914 1134 970 1188 Ra-
988 1140 991 1146 '

169 1211 240 1262 mani
248 1211 298 1262 eibi
307 1216 456 1262 aeramento
469 1217 493 1260 et
503 1213 645 1275 praecidio,
664 1225 715 1262 non
730 1211 890 1272 detrimento,
913 1226 970 1263 ecee

169 1290 294 1350 oportere,
308 1286 385 1350 idque
392 1299 420 1338 ee
429 1299 460 1336 ea
468 1299 513 1350 epe
519 1288 620 1350 petieee.
640 1281 671 1337 Si
679 1283 982 1350 concameratione·

168 1373 230 1410 num
238 1361 393 1425 stipendium
401 1361 549 1412 remittatur
557 1366 581 1412 et
590 1361 701 1412 dedititii
709 1359 904 1420 eubtrulcautur,
915 1374 971 1412 nen

168 1435 254 1486 minue
264 1435 371 1486 libenter
379 1449 433 1486 eece
447 1441 627 1488 recusaturum
638 1435 728 1500 populi
747 1433 856 1498 Romani
873 1436 970 1486 amici·
1021 1471 1022 1482 ,

170 1509 242 1569 tiam,
253 1524 331 1575 quam
340 1511 484 1574 adpeticrit.
500 1507 574 1573 Quod
583 1511 770 1562 multitudinum
779 1505 970 1560 Gordianorum

169 1585 198 1636 ia
212 1580 327 1636 Galliam
336 1586 496 1645 transducat,
512 1586 540 1635 id
549 1600 576 1636 ce
588 1587 630 1636 cui
642 1582 782 1643 muniendi,
796 1596 849 1634 nan
863 1579 970 1636 Galliae

169 1659 359 1724 impugnandae
372 1673 465 1712 caueto
477 1661 577 1725 lacera
597 1660 652 1709 ciue
668 1658 708 1707 rei
721 1657 891 1708 testimonium
903 1671 966 1720 ecee,

170 1735 246 1799 quad,
258 1735 309 1785 nisi
318 1739 432 1798 roqctue,
444 1747 495 1784 non
504 1734 609 1790 uenerit,
621 1737 646 1782 et
655 1731 724 1795 quod
732 1730 825 1781 lelium
834 1733 886 1783 acle
894 1733 968 1783 intu-
1019 1765 1020 1784 t

171 1807 451 1872 teritseddcsmderit.
472 1801 868 1870 SepriueinGalliamaeaieee,
888 1820 968 1872 quam

168 1879 290 1944 populum
301 1878 448 1931 Rauranum.
469 1877 616 1945 Numquam
625 1885 685 1932 ante
693 1879 740 1930 ltcc
753 1885 850 1944 tempue
863 1883 968 1934 caerci-

170 1959 223 2004 tam
233 1953 325 2017 populi
337 1952 445 2004 Romani
462 1949 564 2006 Galliae
579 1955 731 2018 prouinciae
748 1955 811 2021 {luet
829 1967 966 2020 cqreeeum.

171 2022 400 2090 Quideibiueilet?
422 2023 885 2094 Carinaruepacceeeioneeueniret?
902 2027 969 2082 Pro-

168 2102 282 2152 uinciam
290 2115 365 2152 cuam
381 2102 448 2154 hanc
462 2116 515 2154 ecce
530 2099 653 2164 Galliam,
673 2105 742 2156 eicut
751 2103 825 2156 iliam
838 2109 966 2156 noctram.
1017 2159 1018 2181 χ

172 2173 205 2226 ta
214 2176 265 2240 ipci
274 2176 378 2227 concedi
387 2190 439 2227 non
447 2183 583 2242 oporteret,
594 2181 618 2230 ci
626 2180 655 2230 in
665 2184 765 2229 ceastroc
774 2177 837 2244 fines
846 2177 968 2244 impetum

167 2253 279 2317 suomet:
298 2250 336 2302 sic
346 2252 406 2301 item
416 2266 462 2302 nos
471 2267 524 2304 ecee
534 2254 644 2320 iniquae,
656 2255 701 2319 qui
711 2255 739 2304 ia
751 2267 798 2304 euc
812 2253 870 2303 iure
883 2267 911 2304 ee
925 2254 968 2304 in-

170 2325 371 2390 torpettormue.
394 2322 468 2388 Quod
478 2330 576 2393 fratres
585 2343 603 2379 o
611 2334 702 2390 senatu
710 2326 810 2379 Aeduae
823 2327 968 2392 adpellatce

168 2401 273 2462 diceret,
283 2414 335 2452 aon
343 2413 370 2452 ee
380 2405 433 2452 tam
443 2402 591 2463 barbarum,
605 2416 685 2469 aeque
696 2407 748 2452 tam
756 2403 905 2467 imperitum
914 2417 969 2454 ecee

169 2488 265 2535 rerum,
284 2480 313 2527 ut
324 2477 471 2537 consciret,
490 2491 571 2543 aeque
589 2476 653 2528 bello
667 2474 832 2541 Allobroqum
843 2479 969 2540 proximo

168 2546 969 2616 Aeduoeliomanicauaeiliumtulicee,nequeipeoeinlticcon-
1011 2603 1015 2638 ἦ

170 2623 331 2684 tmctontouc,
342 2638 408 2692 quae
417 2625 500 2680 Aedui
513 2640 598 2680 cecum
612 2631 637 2682 et
651 2639 710 2678 cum
722 2620 850 2691 Sequente
862 2623 969 2678 laonio
