2072 2998
300 153 372 200 LIB.
385 152 416 202 V.
446 154 525 204 CAP.
539 155 563 202 1.
577 151 604 206 2·
816 158 848 211 93

48 251 265 384 limittit
275 259 849 400 Xltllffttttltttlttttt

49 418 105 456 nam
114 402 300 457 iumentorum
311 402 539 474 transportandam
547 402 638 476 paullo
647 403 759 471 latiores,
767 423 848 479 quam
891 455 896 468 .

46 475 141 546 qubus
151 476 183 531 in
199 475 314 548 reliquis
328 475 433 531 utimur
445 477 573 534 maribus.
592 479 645 534 llas
655 493 748 534 omnes
761 487 849 537 notua-
899 475 903 480 ’

44 551 94 612 rias
112 551 231 622 imporat
253 548 326 615 sieri,
346 566 428 621 quam
445 550 480 606 ad
499 569 556 608 ram
574 552 690 608 multum
710 552 848 610 humilitas

43 625 158 681 adiuvat.
184 625 236 689 Ea,
259 640 329 696 quae
342 631 405 679 suut
418 626 481 680 uani
498 625 532 681 ad
550 627 690 683 armandas
702 643 793 694 navas,
813 646 849 686 ax

43 700 169 770 Hispania
188 697 324 770 adportari
343 697 424 755 iubat.
462 700 534 771 lpsa,
556 702 729 759 oonvantibua
748 703 849 760 Gallias

44 773 171 830 citerioris
190 773 315 845 pannis,
338 771 366 828 in
385 772 523 849 illyricum
541 775 723 846 proficiscitur,
745 778 847 851 quoda

44 848 156 904 Pirustis
167 847 313 902 finitimam
323 848 848 921 partamprovinoiaainoursionibusva-

43 923 103 977 stari
115 921 254 979 audiebat
278 922 321 976 Eo
337 938 424 992 quum
442 923 566 989 venisset,
584 925 734 982 amathus
747 927 846 984 militas

43 998 165 1068 imporat,
187 1002 346 1068 certumque
359 996 387 1050 iu
403 995 491 1052 locum
501 999 640 1054 oonvanira
652 1000 730 1058 iubat
750 1002 847 1070 Quare

43 1072 177 1136 nunciata,
189 1071 311 1126 Pirustae
320 1069 417 1144 legatos
427 1071 531 1126 adsum
541 1071 657 1140 mittunt.
670 1075 718 1147 qtai
726 1075 843 1144 domant,

42 1145 110 1201 nihil
133 1162 227 1201 aarum
246 1161 339 1200 rarum
356 1144 463 1216 publioo
481 1145 578 1202 iactum
597 1147 716 1216 oonsilio.
736 1167 846 1224 ossaque

42 1218 420 1290 paratossmsdsmonstrant,
441 1220 567 1276 omnibns
576 1222 722 1279 rationibus
732 1224 765 1281 da
773 1225 846 1281 isiu—

44 1294 91 1349 riis
101 1293 261 1351 satisiaooro.
282 1292 395 1365 asopo
402 1295 519 1350 orations
526 1311 628 1363 sorum,
637 1297 732 1355 Caesar
739 1299 845 1356 obsides

44 1369 166 1440 imporat,
186 1385 288 1442 sosque
304 1367 443 1424 aduertam
453 1369 523 1425 diam
532 1369 628 1426 adduci
641 1372 727 1429 iubat:
747 1374 846 1429 nisiita

43 1441 161 1511 iaoerim,
171 1461 230 1500 sess
238 1441 312 1500 bello
321 1441 452 1500 ovinam
464 1451 664 1517 persecuturum
672 1445 843 1504 domonstrat.

42 1519 90 1573 llis
105 1517 140 1574 ad
156 1518 231 1575 diam
243 1515 377 1582 adductis,
396 1525 427 1573 ut
445 1519 628 1590 imperaverat,
648 1519 760 1576 arbitros
778 1521 845 1577 intsr

42 1594 162 1650 civitates
176 1593 237 1660 dat,
257 1591 308 1666 qui
323 1589 396 1648 litam
409 1594 548 1650 aestiment
565 1609 732 1666 poenamqus
748 1595 846 1650 musti·

42 1675 126 1724 tuant
572 1701 575 1706 ·

96 1743 131 1798 11.
150 1742 199 1798 llis
208 1739 336 1798 oonisotis
345 1741 425 1797 robus
435 1741 663 1816 oonvantibnsqua
707 1742 793 1809 motis,
814 1743 843 1801 in

43 1817 189 1874 citeriorem
199 1814 319 1873 Galliam
333 1817 473 1874 ravutitur
483 1825 563 1892 atquo
576 1817 638 1873 iuda
653 1835 668 1872 a
700 1818 844 1875 uomitum

43 1891 227 1962 proficiscitur.
246 1891 289 1946 Eo
304 1906 391 1962 quum
404 1893 527 1959 venusti,
538 1891 657 1948 annuitis
667 1894 845 1950 omnibushi-

44 1966 142 2032 haruin
160 1963 296 2042 singulari
308 1964 426 2021 militum
440 1967 540 2032 studio,
561 1967 590 2022 in
604 1983 709 2024 summa
722 1970 844 2026 omnium

44 2059 132 2098 rorum
150 2043 252 2114 inopia,
274 2038 378 2096 circitor
394 2039 437 2096 DC
455 2041 513 2096 eius
531 2041 645 2115 generis,
667 2043 745 2100 ouius
762 2061 844 2116 supra

44 2116 298 2181 demonstravimus,
319 2131 410 2180 navas,
429 2120 455 2169 at
469 2114 561 2189 longas
569 2116 846 2175 XXVlllinvanitin-

45 2199 165 2257 structas,
179 2187 395 2264 nsquamultum
406 2188 586 2255 ahessoahoo‚
606 2191 674 2264 quin
686 2193 778 2265 paucis
787 2192 844 2247 dia·

45 2265 96 2321 hus
114 2265 211 2323 dudum
230 2270 349 2336 possent.
372 2261 533 2320 Collaudatis
550 2263 682 2321 militibus
700 2275 780 2338 atquo
798 2265 841 2329 iis,

46 2341 92 2411 qui
102 2340 209 2414 negotio
218 2337 396 2410 praefuerant,
410 2337 477 2409 quid
487 2337 543 2394 tisri
556 2337 627 2405 volit,
644 2339 758 2395 ostendit
764 2344 845 2408 atquo

47 2415 131 2471 omma
141 2414 176 2470 ad
187 2420 297 2486 pomum
311 2411 391 2467 ltium
399 2413 539 2468 oonvanira
552 2412 633 2478 iubet,
652 2428 708 2484 qno
720 2427 754 2466 ax
766 2417 844 2482 portu

48 2488 295 2544 commodissimum
307 2486 336 2541 in
350 2485 512 2541 Britanniam
526 2487 714 2542 transmissum
726 2499 783 2538 asso
801 2499 845 2537 oo-

49 2571 179 2634 gnoverat‚
191 2561 296 2617 circitor
306 2560 420 2615 millium
431 2577 560 2631 passuum
573 2559 654 2614 XXX
667 2555 842 2612 aoontinsnti.

50 2638 112 2694 lluic
124 2638 163 2694 rei
177 2636 254 2709 quod
268 2635 333 2692 satis
348 2651 405 2690 essa
418 2634 509 2692 visum
523 2640 563 2688 ast
575 2631 701 2694 militum,
723 2628 843 2700 reliquit:
