2044 2992
214 143 264 196 5⁴6
509 145 558 190 DE
576 146 697 192 BELLO

216 248 296 303 fiunt:
316 245 387 302 diem
399 252 425 298 et
436 251 536 298 noctem
551 244 598 300 iter
610 243 720 299 iaciunt.
739 244 883 316 Pompeius
894 245 990 302 humero

215 332 241 378 et
253 321 358 377 sinistro
368 336 443 374 crure
451 317 615 374 vehementer
627 328 682 374 erat
693 320 812 374 saucius.
832 321 891 376 lluc
903 322 991 376 amede

215 397 268 460 bet,
284 403 313 450 ut
326 395 404 450 etiam
418 391 499 447 talum
515 393 671 460 intorsissem
692 410 761 466 quae
774 412 816 450 res
830 398 991 450 maximeim

215 471 342 544 pediebot.
372 470 409 524 lte
421 467 506 522 lectica
520 485 534 522 a
552 475 632 533 turre,
653 485 706 538 quo
720 477 790 524 esset
802 467 917 534 adlatus,
936 471 960 524 in
970 487 992 522 ea

215 545 353 601 ferebatur.
386 543 525 598 Lusitanus
539 559 610 598 more
622 543 740 608 militari,
760 560 849 615 quum
864 545 991 600 aCaesaris

215 619 344 692 praesidio
356 616 448 672 luisset
455 625 616 688 conspectus,
635 615 752 672 celeriter
764 619 887 690 equitatu
897 620 991 674 cohorti

216 696 319 766 busque
328 691 551 747 circumcluditur.
578 692 640 746 Erat
655 709 775 746 accessus
789 692 839 748 loci
854 693 988 748 difficultas.

215 771 283 824 Nem
293 767 396 832 idcirco,
407 766 480 842 quod
487 773 591 837 propter
598 783 660 820 suos
673 774 789 822 anostro
799 767 933 839 praesidio
942 767 990 822 luis

215 851 254 898 set
262 849 424 914 conspectus,
438 839 552 896 celeriter
561 842 693 895 munitum
703 839 792 896 locum
805 851 914 908 natura,
927 859 990 916 quen

215 923 316 988 ceperat
333 915 385 970 sibi
404 914 555 988 Pompeius,
577 913 699 986 quamvis
717 933 817 988 magna
837 917 990 974 multitudiue

214 990 319 1045 deducti
331 989 452 1044 homines
467 1006 500 1044 ex
513 991 644 1060 superiore
662 989 717 1044 loco
734 989 878 1047 defendere
890 1001 989 1066 possent,

214 1065 336 1120 subeunt.
365 1065 396 1119 ln
410 1063 522 1118 adventu
536 1065 617 1118 nostri
628 1063 797 1136 depelluntur
810 1065 887 1122 telis:
909 1067 990 1140 quibus

213 1139 375 1203 cedentibus,
389 1138 511 1210 cupidius
526 1138 730 1210 insequebantur
743 1138 893 1196 adversarii
907 1151 933 1198 et
944 1159 991 1196 core

214 1215 301 1270 testim
316 1213 452 1269 tardabant
464 1211 498 1267 ab
510 1229 625 1269 amasso.
653 1215 707 1268 Hoc
719 1215 828 1284 saepius
848 1215 931 1283 facto,
949 1216 991 1272 aui

213 1289 430 1353 madverebatur,
442 1295 530 1343 nostro
545 1294 640 1362 magno
653 1288 681 1342 id
695 1289 752 1342 fieri
763 1289 897 1358 periculo.
926 1291 991 1362 Opere

213 1363 417 1420 circummunire
426 1363 545 1428 institnit,
556 1363 613 1434 peri
623 1369 709 1418 autem
716 1369 742 1417 et
753 1361 833 1417 celeri
843 1363 991 1422 festinatione

214 1438 472 1495 circummunitiones
482 1438 510 1492 in
519 1439 582 1512 iuge
591 1437 716 1511 dirigunt,
732 1443 762 1492 ut
770 1453 858 1510 aequo
869 1441 938 1511 pede
945 1455 992 1494 curo

214 1515 369 1571 adversariis
379 1512 501 1586 congredi
513 1520 627 1584 possent.
647 1510 777 1584 Aquibus
787 1529 878 1583 quum
888 1513 992 1570 nnimad

213 1607 320 1647 versum
329 1595 405 1648 esset.
419 1587 483 1661 iuga
491 1587 542 1641 sibi
551 1584 710 1660 prdesidium
722 1585 840 1658 capiunt.

267 1705 397 1762 XXXIX.
408 1704 556 1775 Pompeius,
563 1709 676 1774 utsupra
685 1703 941 1770 demonstravimus,
947 1723 993 1760 scu-

213 1783 304 1838 cimet
314 1781 407 1836 intorto
417 1777 478 1843 telo,
502 1779 597 1834 idcirco
609 1777 759 1834 tardabatur
775 1779 810 1834 nd
828 1778 992 1854 fugiendum:

212 1859 330 1927 itemque
343 1861 446 1926 propter
459 1853 507 1908 loci
522 1852 699 1907 dillieultateui
714 1870 801 1924 neque
814 1871 901 1926 equo,
922 1870 994 1926 neque

211 1930 335 1986 vehiculo
344 1929 420 1984 saluti
431 1945 494 1983 suae
504 1927 666 1999 praesidium
675 1944 766 1998 perere
775 1935 889 1998 poterat.
909 1929 994 1986 Caede

157 2066 160 2074 ,
212 2003 461 2074 anostrisundique
471 2003 710 2062 administrabatur.
722 2001 829 2057 exclusa
845 2005 992 2060 munitione

213 2079 372 2152 amissisque
380 2077 497 2132 auxiliis.
517 2076 558 2132 Ad
566 2075 802 2132 convallemautem
810 2085 994 2149 atqucexcsuu
1007 2117 1008 2142 i

212 2153 308 2216 locum,
329 2159 359 2205 ut
369 2151 396 2204 in
406 2152 565 2222 speluncam,
581 2151 719 2222 Pompeius
732 2167 761 2203 se
770 2151 902 2209 occultare
913 2153 992 2224 eoepit
1007 2207 1008 2226 ἶ

211 2236 270 2281 uta
286 2225 381 2280 nostris
395 2242 446 2278 non
456 2224 530 2278 facile
539 2224 707 2287 inveniretur,
724 2223 776 2278 nisi
786 2228 955 2296 captivorum
966 2228 1008 2279 iu*

212 2301 290 2355 dicio.
320 2301 357 2354 lta
368 2298 404 2353 ibi
413 2298 574 2352 interficitur.
604 2296 693 2363 Quum
703 2297 797 2353 Caesar
806 2299 933 2356 Gadibus
942 2301 996 2356 luis

212 2383 260 2438 set,
273 2372 399 2445 Hispalim
409 2372 493 2442 pridie
501 2371 649 2442 Iddprilcs
658 2380 736 2443 caput
743 2372 864 2431 adlatum
874 2387 900 2430 et
909 2374 996 2448 populo

212 2449 303 2502 datum
312 2456 351 2502 est
361 2447 574 2516 inconspectum.

265 2554 323 2608 XL.
348 2551 480 2608 Interfecto
499 2551 548 2608 Cu.
570 2553 694 2625 Pompeio
709 2553 882 2624 adolescente,
903 2556 990 2610 Didius

210 2643 291 2695 quem
313 2645 392 2700 supra
414 2627 664 2694 demonstravimus,
689 2627 734 2684 illa
754 2627 874 2686 adlectus
897 2630 996 2690 taetitia
