2064 2996
169 127 201 180 56
375 129 425 174 ΒΕ
447 128 573 175 BELLO
598 127 766 188 GALLICO

168 229 290 304 portoriis
308 236 462 284 mercatores
479 229 517 283 ire
532 235 698 294 consuerant,
720 228 837 299 patefieri
856 231 973 286 volebat.
1021 283 1022 300 ,

169 304 237 358 lluic
244 303 374 376 permisit,
391 303 414 358 si
425 320 492 374 opus
502 319 559 356 esse
568 303 745 367 arbitraretur,
762 303 800 358 uti
817 303 894 359 ineis
909 305 973 360 locis
1021 301 1022 370 l

169 378 300 450 legionem
312 377 447 432 hiemandi
461 393 554 431 caussa
568 375 711 432 collocaret.
733 377 826 442 Galba,
846 380 973 434 secundis

170 452 270 525 aliquot
279 452 384 525 proeliis
393 451 476 514 factis,
498 450 666 522 castellisque
678 451 860 522 compluribus
879 470 971 509 eorum

169 527 337 599 expugnatis,
359 523 449 580 missis
462 523 496 578 ad
507 541 569 578 cum
579 526 699 597 undique
707 525 799 598 legatis
818 526 972 584 obsidibus-

170 619 223 673 que
232 602 300 658 datis
309 609 334 655 et
343 616 406 670 pace
416 597 491 664 facta,
503 598 645 664 constituit,
658 600 771 655 cohortis
781 600 848 656 duas
860 602 890 656 in
900 605 973 658 Nan-
1021 615 1022 676 t

169 677 288 731 tuatibus
297 673 420 729 collocare
430 681 455 726 et
465 672 521 744 ipse
530 689 590 726 cunt
605 673 715 745 reliquis
729 675 786 728 eius
800 673 916 748 legionis
930 695 974 734 co-

169 751 290 805 hortibus
301 749 329 804 in
339 748 586 820 vicOVeragrorum,
599 749 646 820 qui
657 747 803 818 adpellatur
810 747 970 818 Octodurus,

168 825 299 878 hiemare:
320 823 462 895 quiricus,
479 822 581 893 positus
590 822 620 876 in
629 820 706 887 valle,
723 839 885 898 nonmagna
901 828 974 882 adie—

169 906 209 952 cta
226 896 347 968 planicie,
369 895 505 952 altissimis
523 897 658 969 montibus
676 897 797 969 undique
814 901 973 956 continetur.
1021 923 1022 966 3

169 971 260 1037 Quum
270 971 314 1024 hic
323 971 351 1026 in
363 971 430 1026 duas
443 979 529 1042 partes
542 970 653 1026 flumine
670 971 840 1038 divideretur,
863 973 973 1030 alteram

169 1053 271 1117 partem
280 1045 337 1100 eius
346 1045 398 1104 vici
404 1045 487 1100 Gallis
496 1045 630 1111 concessit,
644 1044 760 1112 alterum,
772 1063 885 1102 vacuam
895 1051 931 1104 ab
943 1051 976 1104 il-

169 1119 203 1174 lis
214 1119 339 1186 relictam,
354 1120 505 1174 cohortibus
514 1119 548 1174 ad
557 1119 730 1176 hiemandum
740 1120 877 1177 adtribuit.
901 1125 973 1180 Eum
1021 1141 1022 1180 3

123 1233 127 1242 ,
169 1193 257 1249 locum
267 1193 337 1250 vallo
346 1193 467 1265 lassaque
477 1192 603 1249 munivit.
1021 1209 1022 1218 ¹

127 1276 130 1278 ’
224 1271 257 1323 ll.
278 1268 368 1336 Quum
382 1268 439 1322 dies
453 1267 626 1322 hibernorum
645 1269 794 1340 complures
815 1273 976 1330 transissent
1021 1267 1022 1322 Ξ

168 1343 386 1415 frumentumque
395 1359 425 1398 eo
440 1342 595 1414 comportari
612 1342 740 1409 iussisset,
761 1344 849 1409 subito
863 1363 913 1417 per
927 1365 975 1403 ex·

168 1417 310 1490 ploramres
320 1418 412 1474 certior
421 1417 504 1474 iactus
514 1425 561 1484 est,
577 1435 610 1474 ex
619 1435 650 1473 ea
658 1426 732 1490 parte
741 1419 802 1484 vici,
815 1436 900 1491 quam
911 1423 976 1478 Gal·
1021 1425 1022 1436 ¹

169 1492 203 1547 lis
213 1501 381 1558 concesserat,
393 1511 484 1549 omnes
495 1500 572 1550 noctu
582 1493 741 1559 discessisse,
749 1502 916 1566 montesque,
926 1500 976 1568 qui
1021 1505 1022 1516 ¹

169 1569 360 1640 impenderent,
372 1569 514 1624 amaxima
523 1566 693 1624 multitudine
706 1567 873 1624 Sedunorum
888 1579 915 1625 et
924 1573 977 1628 Ve-
1021 1637 1022 1644 ἵ

169 1660 307 1716 regiorum
320 1644 411 1699 teneri.
432 1644 462 1698 ld
471 1643 572 1714 aliquot
581 1642 614 1698 de
622 1643 723 1698 caussis
733 1643 869 1709 acciderat,
886 1653 919 1700 ut
928 1663 977 1701 su-

168 1717 224 1771 bito
234 1717 303 1772 Galli
313 1717 376 1772 belli
385 1718 529 1772 renovandi
539 1717 702 1790 legionisque
711 1717 902 1789 opprimendae
910 1738 976 1776 con-

168 1790 261 1846 silium
272 1800 406 1862 caperent:
426 1789 554 1862 primuni,
571 1791 644 1862 qued
654 1791 793 1864 legionem,
812 1809 901 1865 neque
915 1813 976 1850 eam
1021 1803 1022 1810 ’

167 1863 361 1936 plenissimam,
374 1864 494 1920 detractis
506 1864 657 1920 cohortibus
666 1865 780 1932 duabus,
792 1869 977 1939 etcompluri-

168 1938 396 2003 bussinoillatim,
418 1939 466 2011 qui
482 1946 643 1994 commeatus
657 1939 762 2011 petendi
783 1957 876 1996 caussa
895 1946 976 1999 missi

169 2018 251 2076 erant,
259 1977 421 2078 absentibus,
429 2018 534 2084 propter
542 2014 699 2084 paucitatem
709 2013 898 2085 despiciebant:
915 2025 976 2074 tum

168 2084 256 2149 etiam,
264 2085 335 2157 quod
344 2093 449 2157 propter
456 2086 622 2158 iniquitatem
632 2087 691 2153 loci,
699 2105 784 2160 quum
795 2089 847 2160 ipsi
857 2109 977 2148 exmon-

168 2158 241 2214 tibus
251 2159 279 2214 in
293 2158 390 2214 vallem
403 2160 570 2216 decurrerent
582 2170 608 2217 et
620 2162 670 2217 tela
684 2163 848 2235 coniicerent,
870 2184 905 2220 ne
919 2170 976 2239 pri-

168 2251 245 2289 mum
255 2233 365 2308 quidem
374 2252 451 2306 posse
459 2235 589 2307 impetum
600 2254 683 2292 suum
696 2238 821 2292 sustineri
836 2240 973 2297 existima-

168 2309 242 2366 bant.
262 2307 415 2375 Accedebat,
428 2309 500 2382 quod
509 2327 572 2366 suos
582 2311 616 2365 ab
625 2328 654 2366 se
666 2310 761 2365 liberos
771 2313 916 2370 abstractos
925 2318 977 2372 ob-

169 2383 260 2440 sidum
273 2383 523 2440 nominedolcbant:
544 2392 570 2440 et
578 2385 711 2440 Romanos
721 2403 773 2440 nen
792 2385 881 2442 solum
895 2391 977 2448 itine

169 2475 230 2512 rum
240 2475 342 2525 caussa,
357 2458 405 2514 sed
415 2459 493 2514 etiam
501 2466 642 2531 perpetuae
653 2459 836 2530 possessionis,
853 2463 977 2521 culmina

168 2530 279 2602 Alpium
290 2550 416 2605 occupare
423 2534 512 2589 conari
526 2541 552 2588 et
567 2551 596 2588 ea
612 2533 667 2587 loca
682 2533 810 2589 finitimae
820 2538 977 2607 provinciae

169 2604 321 2680 adiungere,
333 2609 385 2664 sibi
394 2624 551 2682 persuasum
561 2607 702 2664 habebant.
