2042 3004
228 158 524 216 anaxannnruo.
554 159 687 207 caasa.
802 155 852 212 iao

53 257 159 312 litarem
170 256 269 324 fierent,
285 273 354 330 quae
366 257 548 314 dimlaeadae
561 259 716 331 disciplinae
729 261 853 317 severita-
894 308 898 315 .

52 334 144 404 lisque
160 339 261 388 essent.-
285 349 369 404 eaque
384 335 473 390 omnia
485 333 601 408 flagitare
615 334 757 390 adventum
771 351 852 390 suum
924 339 927 348 '

52 408 168 464 videret:
189 413 277 464 oman
287 407 486 479 praeferendum
495 409 665 474 existimauit,
677 425 744 480 quas
755 410 783 463 in
792 427 853 480 pro-

51 483 156 538 vinciae
165 483 339 556 regionesque
350 483 472 548 venisset,
487 501 532 539 eas
545 485 582 539 ita
594 483 743 556 relinquere
755 485 853 538 consti-

51 565 134 621 tutas,
156 565 187 611 ut
199 557 348 614 domesticis
364 557 574 614 dissensionibus
593 559 773 623 liberarentur,
795 560 852 612 iura

50 633 181 704 legesque
188 632 340 704 acciperent,
351 640 519 688 externorum
527 634 643 689 hostium
657 641 757 688 metum
771 633 853 704 depo-

51 713 159 762 nerent.
178 707 246 762 llaec
254 707 373 782 ioSyria,
381 707 480 774 Cilicia,
490 709 552 764 Asia
561 708 676 764 calerim
684 725 714 763 se
721 707 852 763 conlectu-

50 797 117 836 rum
127 781 255 852 sperabat,
270 782 343 854 quod
352 783 401 838 hae
416 784 564 855 provinciae
576 783 651 840 nollo
666 783 736 839 bello
750 799 852 856 preme-

49 857 162 914 bantur.
182 856 212 914 lo
224 857 346 931 Bithynia
361 874 391 913 ae
403 857 485 930 Ponto
497 858 559 930 plus
571 859 658 914 oneris
675 859 782 914 videbat
800 859 850 913 sibi

49 929 221 1002 impendere:
241 948 294 987 non
304 931 375 988 enim
384 934 528 989 exoessiese
541 935 624 990 Ponto
637 934 788 990 Pharnacen
804 950 852 988 au-

49 1007 151 1071 dierat,
174 1023 261 1078 neque
281 1023 451 1062 excessurum
476 1009 597 1080 putabat;
627 1025 712 1081 quum
736 1009 852 1064 secundo

49 1079 154 1154 proelio
166 1080 333 1136 uehementer
345 1090 413 1136 essct
430 1081 546 1147 inflatus,
570 1083 642 1154 quod
659 1092 748 1139 contra
762 1085 851 1140 Domi-

48 1158 123 1212 tium
138 1153 279 1214 Calvinum
293 1155 392 1212 iecerat
421 1156 602 1211 commoratus
616 1156 668 1212 lare
682 1159 710 1213 in
724 1159 850 1214 omnibus

49 1230 216 1295 eiulatibus,
229 1247 298 1302 quae
310 1231 408 1286 maiora
422 1239 486 1285 sunt
499 1231 634 1304 dignitate,
655 1234 770 1304 praemia
784 1234 852 1288 bene

50 1304 155 1360 meritis
168 1313 195 1360 ct
206 1305 308 1362 viritim
321 1312 347 1360 et
359 1304 465 1376 publice
482 1305 589 1362 tribuit:
618 1306 652 1360 de
668 1309 851 1363 controversiis

50 1377 187 1436 veteribus
195 1380 327 1453 cognoscit
337 1397 367 1435 ac
379 1380 482 1435 statuit:
508 1397 591 1452 rages.
610 1389 745 1454 qrannos,
767 1381 851 1455 dyna-

49 1462 118 1518 stas,
130 1455 280 1524 provincias
289 1453 426 1519 finitimos,
440 1456 487 1526 qui
498 1471 591 1509 omncs
599 1455 633 1510 ad
641 1471 703 1510 eum
714 1471 851 1512 concurre-

49 1536 123 1593 rant,
140 1538 255 1600 receptos
265 1529 293 1584 io
303 1527 392 1593 fldem,
403 1529 596 1584 obeditionibus
605 1531 735 1601 impositis
744 1531 852 1600 provin-

48 1606 109 1660 ciae
117 1603 229 1658 tuendae
238 1619 268 1658 ao
276 1602 461 1671 defendendae,
477 1605 594 1670 dimittit,
615 1613 640 1660 et
653 1604 705 1660 sibi
718 1613 744 1660 st
755 1605 852 1677 populo

50 1681 175 1734 Romano
184 1678 369 1733 amicissimos.

108 1751 204 1806 LXVI.
219 1752 318 1806 -Pauois
335 1752 429 1808 diebos
447 1754 475 1809 in
491 1771 524 1808 ea
542 1753 675 1826 provincia
693 1755 848 1820 ooosumtis,

49 1827 116 1884 sex.
131 1825 277 1891 Caesarem,
289 1828 404 1882 amicum
413 1837 439 1883 at
448 1830 624 1884 amassarium
634 1845 723 1893 suum,
742 1828 851 1902 legioni-

49 1904 105 1959 bus
115 1899 261 1975 Syriaeque
268 1902 397 1974 praeficit:
419 1904 477 1975 ipss
485 1903 577 1960 eadem
592 1903 683 1969 classa,
704 1921 757 1976 qua
771 1921 851 1959 vane·

48 1985 101 2042 rat,
113 1976 287 2048 proficiscitur
295 1979 324 2032 in
334 1977 462 2036 Ciliciam.
482 1978 566 2034 Cuius
577 1979 726 2050 provinciae
734 1977 850 2036 civitates

49 2069 145 2111 omnes
159 2059 249 2108 evocat
266 2053 388 2119 Tarsum,
409 2053 481 2127 quod
494 2053 621 2126 oppidum
636 2054 688 2110 iere
698 2055 776 2111 totius
786 2055 852 2112 Cili-

50 2128 109 2181 ciae
117 2125 314 2188 nobilissimum
322 2128 551 2202 fortissimumque
559 2137 607 2185 est.
621 2130 670 2194 lbi,
678 2130 851 2186 rebuscmni-

51 2201 106 2258 bus
114 2201 262 2270 provinciae
271 2212 296 2258 et
305 2203 478 2260 finitimarum
492 2206 628 2260 dotatam
636 2206 792 2270 constitutis,
803 2223 852 2260 eu·-

51 2273 163 2347 piditata
180 2276 359 2346 proficiscendi
375 2280 408 2335 ad
422 2279 523 2336 bellum
532 2281 677 2353 gerendum
687 2297 739 2336 non
750 2280 851 2335 diutius
953 2271 962 2294 ⁴

52 2356 187 2416 moratus,
207 2355 363 2425 magnisque
372 2355 511 2410 itineribus
520 2371 568 2426 per
581 2355 770 2427 Cappadociam
788 2370 851 2410 con-

51 2424 139 2489 fectis,
150 2422 385 2484 biduumllaaacae
394 2437 580 2494 commoratus,
592 2429 793 2493 venitComana,
807 2445 851 2484 ve-

52 2498 234 2556 tustissimum
247 2507 273 2554 et
286 2505 483 2560 sanctissimum
503 2505 531 2558 in
552 2503 714 2576 Cappadocia
732 2502 852 2559 Bellonae

53 2574 194 2646 templum,
206 2573 279 2644 quod
287 2584 357 2632 unta
368 2578 493 2653 religione
501 2579 604 2643 colitur,
620 2585 650 2634 ut
659 2577 778 2633 sacerdos
791 2583 850 2634 eius

52 2651 117 2706 deae
126 2647 270 2722 maiestate,
290 2652 409 2726 imperio,
429 2653 852 2728 potentiaseoundusarmsoon·
