2044 2992
224 155 433 204 tunicatae.
463 155 542 204 cna.
556 161 596 205 ou.
611 158 653 203 ta.
784 153 833 208 ue

33 275 68 316 aa
78 255 215 322 retardato,
227 255 395 329 suosequites
404 255 660 328 reospitiuoolumes.
680 257 835 315 Posterodie

33 333 105 389 luha
115 331 243 388 Numidas
252 347 306 398 eos,
318 331 375 403 qui,
388 329 443 386 Ioco
455 332 561 397 amisso,
577 329 641 406 iuga
650 349 679 386 se
687 340 835 405 reoeperaut
853 397 855 403 A
874 391 877 396 ,

34 408 66 463 in
77 413 171 468 castra,
183 405 212 460 iu
220 423 297 461 criiee
305 423 397 460 omnes
406 403 518 460 suffixit.

93 479 201 535 LXVII.
230 479 324 536 Cassan
336 481 450 545 interius,
471 477 597 554 quoniam
606 479 731 536 frumenti
745 480 834 552 inopia

30 554 216 630 premebatur,
235 555 323 626 copias
341 571 433 610 omnes
451 554 479 609 in
497 564 579 610 cast-ra
597 554 734 622 eonduoit3
755 563 834 628 atque

29 625 262 704 praesidiumve,
274 629 415 700 Ruspinae,
424 628 539 684 Achillae
550 629 649 695 relicto,
656 629 745 702 Cispio
750 629 834 702 Aqui-

30 707 135 774 lneque
155 700 239 756 alasse
259 703 398 769 transuta,
423 711 452 758 ut
474 703 538 760 atter
559 704 749 770 adrumetum,
769 705 835 760 alter

13 783 14 806 ³
30 780 177 847 Thapsum
187 777 253 834 mari
263 777 419 844 obsiderent,
438 778 594 850 ipseeastris
605 779 728 844 indensis,
739 787 833 851 quarta

13 851 14 884 ³
30 853 123 910 noctis
132 849 234 924 vigilia,
253 853 307 909 acie
321 851 454 918 instructa,
475 853 671 926 impedimentis
685 854 714 908 in
727 854 834 910 sinistra

13 927 15 960 ¹
27 935 111 1003 parte
125 925 264 993 soltanus,
284 945 318 982 ex
331 945 361 982 eo
375 927 431 984 Ioco
445 929 617 998 proficiscitur
630 936 656 984 et
669 928 834 1000 pervenitad

27 999 167 1078 oppidum
177 1001 260 1076 Agim
281 1001 354 1074 quod
365 1019 380 1056 a
390 1001 507 1058 Gaetulis
522 1019 601 1074 saepo
611 1012 684 1060 antea
695 1021 836 1078 oppugua-

13 1077 15 1110 ¹
28 1090 95 1135 tum
106 1093 266 1148 summaque
279 1077 306 1130 vi
320 1091 366 1147 por
380 1077 452 1146 ipsos
462 1077 606 1148 oppidanos
616 1085 669 1132 arat
683 1077 831 1134 defensum.

13 1153 15 1186 I
26 1153 73 1210 Ibi
87 1150 116 1204 in
127 1149 321 1222 mmpooastris
332 1151 396 1204 unis
402 1150 503 1220 positis,
519 1149 577 1222 ipsa
583 1149 771 1210 frumentatum
781 1155 833 1208 cir-

13 1229 16 1262 ²
27 1243 100 1284 cum
107 1223 186 1277 antias
195 1239 257 1277 eum
266 1229 340 1294 parte
348 1223 477 1278 exercitus
486 1221 624 1294 proiectus,
635 1242 732 1298 magno
739 1228 833 1284 inven-

13 1295 175 1362 ttohordei
196 1295 255 1360 olei,
275 1295 342 1361 uini,
363 1297 535 1362 sueinumero,
556 1301 734 1370 paueotnitid,
755 1309 835 1373 atque

13 1385 14 1392 ¹
27 1378 154 1433 recreato
162 1370 285 1436 exercitu,
297 1371 363 1425 radit
373 1369 403 1428 in
411 1377 503 1426 eastra.
523 1371 610 1444 Scipio
616 1373 732 1439 interIm,
743 1377 834 1448 cogni-

28 1462 60 1507 to
77 1445 198 1502 Caesaris
215 1444 343 1510 discessu,
363 1463 425 1500 eum
439 1447 571 1503 unIversis
584 1447 665 1518 oopiis
678 1465 725 1518 per
739 1449 835 1522 iugum

28 1527 178 1583 Caesarem
188 1519 316 1590 subsequi
336 1521 420 1590 eoepit
439 1527 518 1592 atqua
531 1521 564 1576 ab
578 1521 636 1576 eius
649 1523 740 1577 castris
750 1523 834 1578 millia

27 1611 169 1724 ραεειὲὲιιω
187 1611 235 1650 sax
252 1593 340 1670 longe,
364 1595 443 1651 trinis
462 1595 554 1650 castris
577 1595 721 1668 dispartitis
740 1598 831 1670 captis,

13 1685 103 1732 *oens
141 1669 166 1722 't

92 1741 211 1799 LXVIII.
232 1741 367 1814 Oppidum
379 1751 434 1798 erat
447 1745 520 1809 Zeta,
536 1743 608 1816 quod
620 1741 708 1799 aberat
726 1743 760 1800 ab
778 1745 835 1802 Sei-

13 1833 14 1860 ³
27 1825 118 1902 piene
129 1815 212 1872 millia
222 1833 350 1888 passuum
360 1817 458 1885 decem,
480 1817 514 1874 ad
527 1819 584 1874 sius
595 1819 727 1893 regionem
740 1828 835 1892 otper-

27 1909 91 1957 oem
108 1891 427 1958 castrorumeolloeatum,
449 1893 582 1949 aCaesare
597 1901 684 1952 autem
698 1893 834 1950 diversum

27 1992 63 2032 ac
82 1975 226 2031 remotum,
247 1967 320 2038 quod
340 1976 394 2022 erat
412 1969 446 2023 eb
464 1985 495 2024 eo
513 1967 555 2024 lon
575 1985 590 2024 e
609 1967 693 2024 miIIia
704 1986 833 2040 passuum

26 2043 136 2106 XVIII.
169 2043 226 2098 Huc
238 2040 325 2114 SeIpio
337 2039 452 2116 IegInnos
469 2043 536 2099 dnae
555 1987 732 2102 dementandi
750 2047 834 2120 gratia

28 2119 123 2180 misit.
155 2115 232 2184 Quod
250 2125 391 2190 postquam
411 2117 504 2174 Caesar
522 2136 555 2173 ex
577 2117 685 2194 pertiiga
701 2122 832 2194 cognovit,

29 2191 133 2252 castris
142 2207 176 2246 ox
184 2209 277 2264 eampo
286 2193 313 2248 in
323 2191 416 2248 collem
426 2210 455 2248 ae
464 2193 560 2248 tutiora
569 2193 624 2250 loca
633 2193 743 2261 collatis,
755 2203 836 2268 atque

30 2269 77 2328 ibi
87 2263 219 2338 praesidio
227 2265 322 2333 relicto,
339 2268 396 2339 ipse
405 2275 497 2342 quarta
507 2268 598 2342 vigilia
612 2287 744 2342 egressus.
760 2285 836 2340 pras-

30 2357 78 2403 ter
89 2338 208 2394 hostium
217 2348 299 2396 castra
308 2343 482 2414 proficiscitur
491 2360 552 2398 curn
562 2344 654 2414 copiis,
669 2351 695 2398 et
707 2344 835 2414 oppidum

29 2416 148 2497 potitur.
168 2413 295 2486 Legiones
305 2415 434 2488 Scipionis
451 2418 578 2490 comparit
595 2417 701 2492 longius
721 2418 748 2472 In
765 2418 836 2491 agris

30 2487 199 2554 frumentari
210 2493 243 2552 et,
259 2505 342 2560 quum
352 2492 698 2556 somatandereoouaretur,
716 2491 836 2546 animad-

32 2565 131 2630 vertit,
151 2561 239 2634 copias
253 2561 370 2620 hostium
383 2566 416 2620 iis
430 2566 579 2640 legionibus
593 2582 727 2620 occurrere
740 2583 836 2640 suppe-

33 2647 102 2702 tias.
133 2637 207 2705 Quae
217 2654 258 2692 ros
268 2637 325 2694 eius
336 2639 462 2713 impetum
473 2639 622 2700 retardavit.
652 2641 838 2716 Itaque,eapto
