2042 3004
259 146 389 192 nram.
419 146 499 192 ore.
514 145 644 216 rmore.
677 197 683 208 ,
786 139 854 194 377·

102 243 168 302 CIV.
187 245 235 300 His
243 245 524 320 tuneoognitierebus,
540 245 618 300 amici
627 263 706 320 regas,
721 246 838 317 quipro-

42 329 104 396 pter
122 329 231 376 aciemn
248 320 311 378 eius.
325 320 352 376 in
373 321 554 391 procuratione
575 328 649 376 erant
670 320 758 393 regni,
780 320 838 376 sive

43 398 140 460 timore
148 393 263 461 adducti,
275 402 304 450 ut
311 402 399 465 postea
409 395 601 466 praedicabant,
616 393 754 450 sollicitato
763 411 838 448 exer-

41 473 100 528 citu
119 469 201 542 regio,
222 486 255 526 ue
272 469 411 540 Pompeius
429 469 615 526 Alexandriam
634 470 845 542 Aegyptumque

40 551 196 616 occuparet3
217 544 274 597 sive
282 543 400 614 despecta
412 544 469 598 eius
479 543 591 607 fortuna,
600 551 631 597 ut
643 542 799 616 plerumque
810 544 837 597 in

41 619 193 676 calamitate
203 633 239 672 ex
252 618 343 672 amicis
357 617 457 671 inimici
471 617 615 682 exsistunt3
641 617 683 682 iis,
704 617 754 693 qui
766 625 839 670 erant

42 696 80 749 ab
100 709 131 747 eo
149 691 234 754 missi,
254 690 339 762 palam
361 691 500 748 liberaliter
517 691 705 764 responderunt
724 706 839 762 eumque

42 769 81 824 ad
101 781 188 838 regem
206 765 296 820 venire
314 765 459 821 iusserunt:
484 767 543 838 ipsi,
559 765 626 821 clam
640 765 749 821 oonsilio
761 767 835 831 inito,

42 840 179 904 Achillan,
199 839 355 920 praelectum
366 841 477 914 regium,
496 841 625 915 singulari
640 840 774 906 hominem
790 858 838 894 au-

42 915 130 980 dacia,
143 915 205 970 etl.
219 913 384 988 Septimium,
400 915 536 970 tribunum
547 915 671 981 militum,
692 915 725 970 ad
738 915 838 970 interli-

42 989 170 1047 ciendnm
185 989 337 1062 Pompeium
350 991 486 1044 miserunt.
512 989 553 1044 Ab
567 990 609 1044 his
625 987 765 1044 liberaliter
781 989 839 1062 ipse

17 1077 24 1082 ’
43 1064 193 1136 edpellatus
206 1072 232 1118 et
244 1065 358 1136 quadam
373 1064 463 1118 notitia
472 1063 589 1134 Septimii
600 1063 750 1134 productus,
766 1063 838 1136 quod

42 1138 116 1196 bello
126 1137 286 1212 praedonum
297 1138 432 1211 apudeum
441 1137 559 1191 ordinem
564 1137 681 1200 duxerat,
689 1137 838 1192 naviculam

43 1213 185 1287 parvulam
196 1211 345 1268 conscendit
353 1227 414 1266 cum
424 1212 514 1282 paucis
525 1213 593 1279 suis3
614 1221 639 1266 et
649 1213 683 1267 ibi
694 1213 727 1268 ab
736 1211 837 1268 Achilla
884 1237 887 1244 ⁴

23 1297 72 1343 =et
86 1287 212 1360 Septimio
221 1286 384 1342 interficitur.
409 1287 472 1340 item
483 1286 514 1340 L.
528 1285 655 1340 Lentulus
669 1287 839 1360 comprehen-

45 1363 162 1418 diturab
172 1377 233 1435 rege
241 1367 267 1416 et
279 1361 306 1416 in
317 1359 434 1414 custodia
445 1366 560 1416 necatur.
595 1399 602 1412 „

104 1510 158 1566 cv,
178 1509 281 1574 Caesar,
298 1523 384 1579 quum
395 1507 424 1562 in
440 1505 531 1562 Asiam
545 1506 667 1572 venisset,
684 1507 835 1579 reperiebat,

44 1587 77 1642 Τ.
91 1583 219 1654 Ampium
237 1589 358 1636 conatum
377 1597 434 1636 esse
447 1579 536 1636 tollere
551 1581 675 1652 pecunias
690 1581 794 1654 Epheso
807 1599 840 1637 err

45 1661 110 1716 fano
122 1659 233 1718 Dianae,
253 1655 364 1728 eiusque
382 1655 419 1710 rei
437 1670 530 1710 caussa
549 1664 679 1710 senatores
698 1673 789 1711 ornnes
807 1671 840 1710 ex

45 1730 183 1807 provincia
193 1743 326 1794 evocasse,
345 1737 375 1784 ut
388 1729 421 1784 iis
434 1731 545 1784 testibus
559 1731 586 1784 in
602 1747 706 1784 summa
716 1729 841 1802 pecuniae

45 1813 181 1872 ocream
206 1803 252 1858 sed
272 1804 463 1876 interpellatum
482 1805 595 1858 adventu
615 1805 732 1860 Caesaris
750 1803 841 1876 proiu-

44 1883 131 1958 gissa.
151 1879 188 1933 lta
197 1879 301 1934 duobus
310 1877 604 1950 temporibrrsEphesiae
613 1881 737 1950 pecuniae
747 1879 841 1934 Caesar

45 1955 180 2014 auxilium
191 1953 260 2008 tulit.
285 1955 347 2009 ltem
361 1954 502 2018 constabat,
518 1953 593 2008 Elide
602 1953 628 2008 in
640 1951 735 2026 teniplo
744 1954 840 2009 Miner-

46 2029 228 2102 vae‚repetitie
237 2035 316 2101 atque
324 2028 482 2084 enumeratis
492 2029 655 2099 diebus,quo
665 2029 839 2102 dieproelium

48 2105 195 2161 secundum
206 2103 306 2160 iecisset
315 2104 417 2168 Caesar,
434 2103 604 2158 simulacrum
617 2105 752 2170 Victoriae,
769 2105 840 2178 quod

49 2188 110 2235 ante
119 2179 203 2249 ipsam
213 2180 357 2236 Minervam
366 2177 519 2236 collocatum
533 2188 588 2234 arat
601 2187 625 2233 at
638 2181 742 2236 entend
756 2181 842 2235 simu-

50 2253 152 2309 lacrum
162 2253 292 2310 Minervae
300 2255 441 2326 spectabat,
456 2254 490 2310 od
500 2253 591 2312 valvas
603 2271 634 2311 se
647 2255 738 2326 templi
747 2254 842 2308 limen-

51 2346 104 2402 que
113 2327 280 2384 convertisse.
298 2327 451 2401 Eodemque
460 2328 663 2386 dieAntioohiae
676 2329 704 2384 in
714 2328 842 2401 Syriebis

50 2411 141 2458 tantus
155 2400 282 2456 exercitus
294 2402 391 2461 clamor
409 2411 435 2460 et
452 2403 591 2476 signorum
609 2419 690 2458 sonus
703 2401 843 2456 exauditus

51 2487 99 2544 est,
119 2483 148 2532 ut
165 2474 192 2530 ia
206 2477 289 2532 muris
303 2486 400 2538 armata
415 2478 508 2536 civitae
521 2477 687 2534 discurreret.-
706 2477 761 2530 Hoc
772 2475 841 2530 idem

51 2549 212 2610 Ptolemaide
226 2549 328 2606 aooidit.
356 2552 477 2626 Pergami
495 2552 523 2608 in
539 2549 649 2608 occultis
660 2567 690 2604 ao
706 2549 844 2606 reconditis

53 2627 154 2699 templi,
171 2641 226 2698 quo
238 2632 338 2698 praeter
350 2625 494 2682 sacerdotes
507 2625 580 2682 adiro
594 2623 633 2680 ias
646 2640 697 2679 non
714 2634 762 2690 est,
776 2642 845 2697 quoe
