2042 3004
219 155 515 204 Anaxaunnruo.
546 155 627 202 CAP.
641 155 682 202 25.
803 151 854 204 399

51 257 121 312 dum
132 270 221 330 regem
231 253 328 310 habere
337 252 442 317 vellent,
455 252 622 324 splendidius
632 262 710 326 atque
719 252 857 310 honestius

50 348 112 385 sese
121 336 211 384 centra
221 345 319 401 regem,
336 344 418 398 quam
432 335 713 382 contraconvenarum
726 345 756 382 ac
765 327 857 401 ingili-

1 457 2 468 ,
51 421 150 461 vorum
165 419 285 466 manum,
303 401 403 456 bellum
418 419 474 456 esse
488 408 637 474 gesturam.
662 403 753 473 ltaque
768 419 856 474 regem

1 475 2 548 f
50 481 214 542 cohortatus,
230 485 259 532 ut
270 480 413 531 consuleret
425 493 504 544 reptio
515 485 634 543 paterne,
645 485 766 544 parceret
775 493 857 544 prrae-

1 557 2 562 ’
42 556 217 609 'clarissimae
232 554 345 618 patriae,
370 568 436 618 quae
450 553 569 617 turpibus
582 555 710 605 tucersdtta
729 559 753 605 et
770 555 857 604 ruinis

1 682 3 696 s
51 637 118 683 esset
128 631 282 694 deformata,
296 629 438 686 ciuesisuee
449 629 564 691 primum
578 629 614 679 ad
628 631 767 678 sanitatem
781 641 856 677 reee-

1 703 2 714 ’
52 709 136 762 caret,
152 703 243 754 driade
254 707 425 762 conseruerat,
439 702 514 766 fidem
520 702 617 768 papule
628 699 744 772 limiam
755 701 855 766 sibique

28 821 35 830 .
49 781 215 844 preestcrct;
235 790 312 840 patrm
325 777 379 840 lpse
393 779 493 827 tantum
505 777 529 828 et
543 777 666 835 crederet,
686 781 715 826 ut
724 776 759 826 erl
772 775 856 826 testes

1 909 3 928 .
51 856 171 904 arrietes
180 864 237 900 sum
245 852 370 916 mitteret;
390 846 480 902 dextra
488 847 606 900 dextram
615 846 856 910 tenens,dinrittere
903 897 907 905 ‚

1 931 2 936 ’
51 921 138 993 eoepit
152 919 240 975 adulta
257 921 310 976 iam
324 928 405 975 aetate
425 937 549 991 puerum.
578 923 613 976 At
632 921 721 994 regius
734 921 851 984 animus,

50 995 202 1068 disciplinis
211 993 387 1049 fallacissimis
400 994 529 1059 eruditus,
551 1012 584 1049 ne
598 996 709 1068 agentis
721 1011 786 1050 suae
796 1010 855 1048 mo·

1 1131 3 1150 >
48 1073 129 1128 ribus
140 1070 316 1143 degeneraret,
339 1067 404 1124 ilens
417 1085 490 1122 erare
504 1077 592 1123 contra
607 1067 744 1125 Caesarem
757 1069 850 1138 eoepit,

1 1155 3 1163 “
50 1165 84 1200 ue
93 1163 121 1200 se
130 1149 283 1200 dimitteret:
304 1160 356 1196 nou
366 1147 432 1195 euim
446 1147 706 1210 repreamtpsumsilrt
717 1152 853 1210 conspectu

54 1221 177 1276 Caesaris
198 1227 256 1272 csse*
271 1221 418 1272 iucundius.
449 1215 611 1286 Compressis
632 1217 705 1288 pueri
726 1215 851 1281 lacrimis,

1 1353 3 1372 s
52 1292 214 1362 Caesaripse
230 1299 387 1356 commotus,
409 1287 535 1353 celeriter,
558 1289 581 1343 si
600 1289 644 1343 illa
662 1291 777 1355 sentiret,
800 1290 853 1346 lore

1 1379 2 1446 ζ
52 1385 115 1422 eum
126 1383 217 1420 secum
227 1365 381 1428 adfirmans,
394 1363 501 1418 adsucs
510 1363 622 1418 dimisit.
642 1363 787 1427 litantes
795 1381 853 1418 car-

1 1505 2 1510 *
51 1441 158 1496 ceribus
168 1440 196 1494 ia
206 1439 320 1494 liberum
331 1453 441 1492 cursum
451 1437 574 1500 emissus,
587 1437 651 1490 adeo
661 1445 749 1490 contra
759 1437 855 1492 Caesa-

1 1515 2 1518 ’
52 1515 213 1571 remacriter
223 1513 322 1568 bellum
334 1529 423 1585 gerere
436 1511 529 1582 caepit,
551 1518 580 1564 ut
595 1509 725 1573 lacrimas,
747 1527 814 1580 quas
825 1511 851 1566 in

1 1595 2 1604 ¹
50 1589 184 1659 colloquio
197 1588 351 1658 proiecerat,
366 1586 464 1659 gaudio
479 1585 610 1640 videretur
625 1582 782 1654 profudisse.
803 1583 853 1638 Aa

51 1663 149 1718 cidisse
158 1661 208 1714 hoc
221 1660 370 1730 conrplures
384 1659 502 1716 Caesaris
519 1658 605 1732 legati,
619 1657 711 1721 amici,
722 1657 854 1712 centurio-

52 1755 101 1793 nes
120 1733 272 1804 militesque
288 1734 460 1799 laetabantur‚
481 1733 554 1804 quod
572 1733 655 1786 nimia
674 1731 777 1786 bonitas
796 1731 854 1784 eius

51 1809 172 1866 fallaciis*
178 1808 254 1879 pueri
269 1807 342 1861 elusa
357 1814 437 1862 esset:
458 1807 612 1877 quasivero
627 1806 653 1860 id
667 1805 763 1860 Caesar
776 1804 853 1858 beni·

50 1895 104 1941 tate
117 1890 221 1938 tantum
238 1881 377 1946 adductus,
398 1897 428 1936 ac
446 1897 498 1936 non
517 1880 724 1952 prudentissimo
744 1877 854 1934 consilio

52 1961 195 2088 secmffi'p·
216 2029 315 2098 Quum,
328 2028 394 2083 duce
404 2027 535 2093 adsumto,
547 2009 719 2085 Alenandrini
730 2026 813 2081 nihile
824 2043 853 2082 se

53 2107 182 2164 firmiores
193 2104 281 2170 lactes,
293 2113 339 2160 aut
350 2103 673 2176 languidioresRemanos‚
686 2101 853 2158 animadver-

52 2190 152 2246 tercat;
173 2179 395 2250 eludentibusque
409 2177 540 2232 militibus
560 2179 629 2250 regis
647 2185 756 2232 aetatem
774 2184 853 2247 atque

1 2322 9 2328 ,
53 2254 242 2318 infirmitatem,
265 2270 394 2326 maguum
409 2251 525 2306 delerem
543 2253 701 2323 acciperent;
723 2267 810 2322 neque
824 2267 853 2305 se

53 2327 203 2402 quidquam
218 2327 341 2397 proficere
355 2326 486 2394 riderent3
508 2343 680 2398 rumoresque
699 2325 849 2389 existerent,

54 2419 152 2476 magne
164 2399 266 2456 Caesari
280 2401 409 2471 praesidia
424 2401 538 2454 terrestri
553 2401 645 2454 itinere
658 2398 735 2472 Syria
748 2396 853 2452 Cilicia-

53 2496 107 2551 que
117 2475 212 2530 adduci
222 2473 303 2546 (quod
312 2474 432 2548 nendum
445 2475 549 2530 Caesari
559 2473 680 2528 auditum
690 2471 765 2544 crull:
780 2488 853 2526 ecm-

53 2560 180 2614 meatum‚
201 2548 249 2620 qni
264 2549 360 2602 uestris
378 2547 444 2602 mari
467 2547 678 2618 supparabatur,
700 2545 852 2615 intercipere

54 2629 210 2682 statuerunt.
232 2624 331 2694 Itaque,
352 2622 480 2694 expeditis
490 2621 614 2696 navigiis,
634 2619 808 2677 lecisidoneis
819 2619 852 2674 ad
