2044 2992
194 145 456 214 ursanuruusr.
486 165 565 212 car.
580 165 674 212 aaut.
777 161 826 214 tte

43 268 177 340 nullisque
195 266 326 338 peditibus
338 265 371 321 ad
385 263 476 320 navale
493 265 651 336 praesidium
665 272 738 334 parte
750 263 828 322 attera

44 344 170 400 Carteiam
181 339 320 405 contendit,
328 339 399 412 quod
408 337 532 412 oppidum
541 337 758 393 abestaCorduba
769 340 829 394 mif-

42 420 77 474 lia
87 433 213 491 passuum
223 415 326 470 CLXX.
346 414 404 480 Quo
412 431 496 486 quum
505 413 538 468 ad
546 421 666 468 octavum
675 409 828 469 milliarium

40 495 166 556 venisset,
178 491 205 545 P.
212 489 347 554 Calvinus,
358 489 404 561 qui
414 489 505 543 castris
515 496 588 542 autea
596 487 711 558 Pompeii
721 503 829 560 praepo-

40 570 111 625 situs
120 572 196 628 asset,
203 565 260 619 eius
268 563 355 618 uerbis
365 565 490 618 nuncium
501 563 587 628 mittit,
596 579 672 633 quum
679 567 763 618 minue
768 566 829 618 beffa

38 647 155 704 moeret,
173 647 203 693 ut
214 643 341 692 mitterent
358 641 480 702 lecticam,
495 655 547 706 qua
560 643 589 692 io
597 639 717 706 oppidum
735 643 829 707 deferri

37 719 134 788 possit.
165 712 267 768 Litteris
284 712 382 777 missis,
401 713 540 785 Pompeius
558 711 685 767 Carteiam
705 711 827 768 defertur.

38 790 95 859 Qui
103 787 210 844 illerum
220 787 333 859 partium
342 786 453 842 fautores
461 794 555 848 essent.
571 785 730 842 oonveuiuut
740 787 769 842 in
781 786 829 841 do-

37 881 128 929 mum,
148 879 202 936 quo
211 871 264 917 erat
277 861 386 928 delatus,
407 861 462 935 (qui
476 861 591 916 arbitrati
604 869 667 918 sunt
679 859 829 918 clanculum

39 939 169 1010 venisse)
184 937 261 993 atah
274 953 313 1003 eo,
335 954 403 1009 quae
418 935 502 1002 vellet,
522 937 554 991 de
571 936 639 992 ballo
657 936 827 1010 requirerent.

35 1017 131 1084 Quum
145 1011 288 1084 frequentia
307 1012 478 1076 convenisset,
497 1011 531 1066 de
542 1010 829 1084 lecticul’ompeiuseo-

33 1106 101 1149 rum
112 1087 141 1142 in
151 1085 230 1140 fidem
238 1084 362 1157 confugit.
685 1105 687 1113 ·

95 1201 221 1256 xxxm.
237 1200 339 1262 Cacsar,
350 1215 383 1254 ex
394 1198 491 1270 proelio
506 1199 604 1255 Munda
621 1203 765 1259 munitione
778 1205 829 1260 eir·

33 1275 174 1338 oumdata,
187 1273 335 1330 Cordubam
344 1276 423 1329 venit.
442 1273 494 1340 Qui
503 1291 536 1329 ex
545 1275 620 1328 caede
628 1291 659 1330 eo
671 1276 826 1351 refugerant,

33 1361 149 1431 pontem
162 1355 361 1418 occupaverunt.
381 1347 470 1414 Quum
481 1365 511 1402 eo
524 1356 590 1403 esset
603 1359 720 1414 ventum,
739 1353 830 1406 eonvi-

32 1426 105 1486 ciari
114 1429 263 1494 coeperunt.
278 1439 325 1476 oea
336 1439 370 1477 ea·
380 1425 480 1490 proelio
496 1439 593 1492 paucos
608 1441 751 1492 superesse:
779 1443 829 1494 quo

34 1495 254 1572 consupereruusf
272 1497 309 1550 lta
319 1513 436 1569 pugnare
444 1504 582 1570 coeperunt
589 1496 623 1551 dc
631 1506 717 1569 ponta.
737 1499 830 1554 Caesar

31 1582 141 1637 flumen
151 1571 406 1627 transieritetcastra
419 1573 514 1644 posuit
532 1571 652 1644 Scapula,
668 1573 746 1627 totius
761 1574 830 1627 sedi·

31 1651 121 1711 rionis
131 1645 244 1702 familiae
252 1652 277 1700 et
285 1644 464 1701 libertinorum
479 1654 565 1718 eaput,
580 1663 614 1700 ex
624 1645 721 1717 proelio
730 1647 831 1702 Cordu-

30 1734 103 1787 bam
124 1737 210 1793 quum
227 1719 349 1785 venisset,
369 1718 495 1776 familiam
510 1729 535 1775 et
548 1720 651 1774 libertos
669 1723 827 1787 convocavit,

29 1813 137 1880 pyram
147 1795 199 1849 sibi
207 1793 345 1859 exstruxit,
351 1811 456 1850 coenam
466 1795 558 1850 adferri
567 1812 646 1867 quam
655 1796 769 1866 opimam
774 1797 831 1851 im-

29 1871 154 1955 paravit,
169 1868 231 1922 item
240 1869 345 1939 optimis
354 1869 546 1924 insternendarn
557 1871 732 1926 uestimentis:
752 1887 831 1943 pecu·

29 1954 114 2012 „iam
125 1950 296 2017 etergentum
310 1943 337 1998 in
352 1945 496 2014 praesentia
509 1943 621 1999 familiae
637 1945 753 2000 donavit.
772 1947 830 2018 lpse

27 2031 69 2086 de
79 2031 200 2090 tenpore
207 2018 332 2082 coenavit,
345 2019 457 2072 resinam
468 2025 493 2073 et
501 2019 612 2074 nardum
621 2019 768 2075 idemtidem
778 2022 830 2076 sibi

27 2094 170 2161 infundit.
189 2094 226 2148 fta
239 2093 384 2148 novissimo
396 2095 509 2164 ternpore
518 2111 623 2149 servum
633 2096 711 2150 iussit
719 2103 742 2150 et
753 2096 832 2152 liber-

27 2189 110 2234 tum.
122 2168 171 2238 qui
181 2166 271 2222 fuisset
280 2167 337 2224 eius
346 2168 517 2234 concubinus,
538 2169 646 2224 alterum
660 2187 688 2225 se
701 2169 828 2245 iugulare,

27 2252 155 2310 alterum
163 2257 255 2314 pyram
266 2241 410 2298 incendere.

95 2347 224 2407 XXXIV.
244 2347 374 2422 Oppidani
384 2358 480 2418 autem,
491 2351 671 2408 simulCaoear
679 2357 761 2406 castra
769 2367 832 2407 eou-

26 2450 75 2495 tra
87 2422 220 2499 oppidum
231 2424 325 2495 posuit,
347 2425 494 2482 discordare
501 2433 640 2499 coeperunt
649 2443 733 2498 usque
743 2443 782 2492 eo,
802 2433 832 2483 ut

25 2513 143 2570 clamor
152 2498 180 2554 iu
190 2505 271 2553 castra
282 2507 367 2555 nostra
376 2502 521 2573 perveniret
536 2501 596 2568 fere,
620 2502 686 2556 inter
700 2500 832 2557 Caesaria-

25 2601 87 2647 nos
99 2583 127 2634 et
141 2572 208 2628 iuter
221 2573 397 2646 Pompeianos.
417 2577 497 2632 Erant
510 2577 553 2632 hic
571 2576 694 2650 legiones,
714 2595 782 2650 quae
799 2595 833 2634 ex

25 2650 162 2740 perfugis
172 2649 447 2724 conscriptaefueraut;
457 2651 830 2727 partimoppidanorumserri‚

72 2752 134 2807 lua.
148 2742 223 2800 Cass.
623 2743 670 2801 Kk
