2072 2998
161 136 211 192 ete
388 123 439 187 nn
459 101 583 192 nenne
603 137 724 186 crvrnr

125 294 128 302 .
161 259 188 298 ee
197 240 493 298 mensurationem
501 240 600 294 tutem
616 237 708 294 nette
717 236 887 310 primoMursi
896 239 953 296 dis-

161 313 256 372 sentire
266 312 403 384 incipiunt,
425 329 535 384 eamque
547 312 637 384 oppidi
647 321 756 385 purtem,
775 329 844 385 ques
859 316 953 370 muni·

161 390 263 445 tissime
274 387 413 452 videretur,
424 395 563 458 occupent:
583 395 706 458 mutaque
715 387 782 442 inter
791 405 836 442 eos
846 387 951 445 dissen-

161 465 202 522 sio
214 463 324 527 exsistit,
344 470 374 518 ut
386 477 494 516 menum
508 477 640 516 conserere
649 471 728 534 etque
736 461 816 516 armis
825 462 949 520 dimicare

161 547 300 596 conentur:
321 533 480 608 pcetpeullo
492 543 588 601 emen,
607 537 777 594 iutemuneiie
789 535 859 593 ultro
871 539 951 594 citre-

162 631 215 686 que
223 613 322 675 missis,
332 627 400 682 quoe
409 609 572 684 ignemhent,
586 609 620 665 de
629 611 658 666 L.
667 609 845 686 Denitiifussu
854 629 951 687 cogno-

162 696 246 744 scunt
265 689 354 757 ltaque
361 701 452 740 omnes
461 701 514 741 uno
522 683 785 749 eonsiliummitium,
792 686 950 757 productum

162 763 189 818 in
204 761 349 833 pubiicum,
367 759 564 815 circumsistunt
580 767 605 814 et
618 759 778 825 custodiunt,
798 759 953 835 legatosque

40 854 45 862 ·
121 879 127 888 .
162 855 195 891 ex
204 853 253 890 suo
263 850 370 888 numero
381 833 413 888 ed
423 833 558 890 Caesarem
571 833 690 903 mittuut3
709 845 886 902 eseepcrutee
900 852 951 894 me

162 920 250 978 portus
259 913 368 976 aperire,
384 925 497 976 quaeque
505 913 677 977 imperavere,
691 914 809 977 [coenet
818 910 851 965 t.
861 912 952 986 Deme

163 990 227 1039 tium
236 988 320 1038 vivum
329 987 357 1036 tn
367 987 421 1036 etue
427 992 576 1050 potestatem
586 987 725 1038 transdere.

215 1057 288 1112 XXI.
308 1055 410 1122 Quibus
419 1056 625 1131 rebusecgnitis‚
636 1056 737 1120 Caesen.
748 1057 797 1112 etsi
807 1060 902 1132 magni
910 1059 952 1115 in-

162 1141 256 1186 teresse
267 1130 448 1195 arbitrebetur,
469 1148 551 1202 quem
564 1132 682 1204 primum
694 1130 790 1204 oppido
803 1134 893 1203 potiri.
909 1151 952 1190 co·

162 1207 301 1277 hortesque
310 1205 343 1260 ud
352 1223 380 1258 se
390 1205 418 1260 in
427 1214 510 1262 cestre
518 1205 693 1272 transducere,
708 1224 741 1263 ne
749 1223 804 1278 que
815 1215 861 1262 eut
871 1207 952 1282 lurgi-

161 1280 286 1345 cunibus,
309 1288 354 1334 eut
367 1279 450 1336 enimi
468 1280 670 1345 confirmatione.
689 1289 736 1336 eut
753 1279 827 1336 felnis
846 1283 951 1338 nunciis

162 1355 328 1412 commutatio
340 1355 411 1410 fieret
419 1354 568 1420 voluntatis,
580 1356 651 1427 quod
660 1355 773 1432 scepeie
783 1354 853 1411 bello
863 1358 952 1428 paruis

163 1431 300 1498 momentis
314 1429 404 1504 magni
421 1446 497 1490 cesus
509 1430 708 1499 intercederent;
733 1437 820 1486 temen
838 1432 950 1498 ueritus,
1024 1433 1025 1442 ’

163 1523 195 1562 ne
205 1505 320 1562 miiitum
330 1504 436 1562 introitu
447 1512 473 1560 et
485 1505 606 1560 nocturni
621 1505 744 1578 temperis
756 1503 862 1560 lieentia
875 1507 953 1578 eppi-

162 1581 228 1636 dum
237 1571 400 1653 diriperetur,
412 1596 464 1644 eos‚
475 1580 523 1652 qui
537 1587 669 1642 renerent.
684 1578 815 1642 collaudet
830 1589 912 1652 utque
925 1579 953 1635 in

162 1655 288 1728 oppidum
306 1655 425 1721 dimitte
451 1661 698 1726 portesmumsque
718 1653 851 1712 aeman
868 1655 952 1710 iubet.

163 1732 221 1802 Ipse
230 1731 263 1786 iis
271 1730 403 1802 operibus,
416 1746 483 1801 quae
491 1727 573 1786 iecere
583 1729 736 1793 institueret,
753 1726 851 1786 milite
863 1729 954 1802 dispo-

163 1806 210 1870 nit,
227 1822 278 1860 non
292 1805 368 1860 certis
382 1804 473 1876 spatiis
486 1803 652 1868 intermissis,
673 1812 703 1858 ut
716 1811 771 1858 eret
783 1805 953 1874 superiorum

162 1878 264 1934 dierum
273 1879 445 1947 consuetudu;
465 1877 511 1934 sed
523 1878 655 1950 perpetuis
669 1874 767 1951 vigiliis
780 1877 954 1934 stationibus-

162 1970 222 2022 que,
236 1953 423 2026 utcontingent
437 1953 504 2008 inter
516 1971 545 2008 ee
559 1962 638 2025 etque
654 1969 758 2008 omnem
776 1953 951 2009 munitionem

162 2025 296 2096 expleant:
316 2027 436 2082 tribunos
449 2027 565 2084 militum
584 2036 609 2084 et
620 2025 759 2100 praefectos
772 2026 954 2082 circummittit

162 2107 240 2170 etque
249 2099 374 2164 hortetur,
387 2117 439 2156 non
448 2100 534 2156 solum
545 2103 578 2158 ab
586 2101 767 2174 eruptionibus
775 2109 894 2166 mveent,
906 2101 953 2158 sed
1024 2099 1025 2164 ἶ

161 2175 240 2230 etiem
249 2173 414 2246 singulorum
424 2175 562 2232 hominum
578 2176 691 2234 occultos
702 2175 789 2232 exitus
802 2175 951 2248 adservent.

161 2252 254 2323 Neque
265 2257 387 2306 cerotem
401 2249 511 2306 remisso
523 2268 554 2306 ee
566 2249 692 2326 languido
704 2251 794 2314 enimc
807 2250 952 2322 quequum

161 2323 401 2396 omniumiuit,qui
411 2341 441 2378 ee
451 2331 524 2398 necte
532 2325 721 2396 conquieverit:
736 2332 804 2380 eunte
813 2332 953 2382 eretsum·

161 2417 205 2456 me
214 2417 302 2456 rerum
313 2398 477 2470 exspectatio,
497 2407 527 2455 ut
538 2399 607 2454 eiius
617 2399 643 2456 in
657 2399 735 2456 eliam
749 2406 849 2470 pertem
864 2395 952 2460 niente

162 2483 240 2546 etque
250 2475 337 2530 animo
347 2475 498 2539 traheretur,
508 2471 574 2546 quid
582 2473 648 2543 ipsis
657 2472 876 2543 Certiniensibus‚
886 2473 951 2546 quid

164 2547 282 2614 Domitio,
289 2549 354 2620 quid
360 2545 477 2614 Lentulo,
483 2547 550 2620 quid
558 2545 667 2619 reliquis
674 2547 807 2612 uendere,
817 2547 950 2620 cuiques-

162 2636 214 2690 que
223 2630 332 2678 eventus
342 2623 497 2696 exciperent.
