<?xml version="1.0" encoding="UTF-8"?>
<!DOCTYPE html PUBLIC "-//W3C//DTD XHTML 1.0 Transitional//EN"
    "http://www.w3.org/TR/xhtml1/DTD/xhtml1-transitional.dtd">
<html xmlns="http://www.w3.org/1999/xhtml" xml:lang="en" lang="en">
 <head>
  <title>
</title>
<meta http-equiv="Content-Type" content="text/html;charset=utf-8" />
  <meta name='ocr-system' content='tesseract 3.04.00' />
  <meta name='ocr-capabilities' content='ocr_page ocr_carea ocr_par ocr_line ocrx_word'/>
</head>
<body>
  <div class='ocr_page' id='page_1' title='image "./ciuliicaesarisc04caesgoog_0146.png"; bbox 0 0 2072 2998; ppageno 0'>
   <div class='ocr_carea' id='block_1_1' title="bbox 279 133 848 186">
    <p class='ocr_par' dir='ltr' id='par_1_1' title="bbox 279 133 848 186">
     <span class='ocr_line' id='line_1_1' title="bbox 279 133 848 186; baseline 0.007 -4"><span class='ocrx_word' id='word_1_1' title='bbox 279 135 355 182; x_wconf 76' lang='lat' dir='ltr'>mu.</span> <span class='ocrx_word' id='word_1_2' title='bbox 368 135 411 184; x_wconf 76' lang='lat' dir='ltr'>VI.</span> <span class='ocrx_word' id='word_1_3' title='bbox 442 137 523 186; x_wconf 77' lang='lat' dir='ltr'><strong>GAP.</strong></span> <span class='ocrx_word' id='word_1_4' title='bbox 537 137 578 184; x_wconf 76' lang='grc'>30.</span> <span class='ocrx_word' id='word_1_5' title='bbox 593 137 634 184; x_wconf 76' lang='grc'>31.</span> <span class='ocrx_word' id='word_1_6' title='bbox 804 133 848 186; x_wconf 79' lang='lat' dir='ltr'>iil</span> 
     </span>
    </p>
   </div>
   <div class='ocr_carea' id='block_1_2' title="bbox 48 229 858 1960">
    <p class='ocr_par' dir='ltr' id='par_1_2' title="bbox 49 229 856 680">
     <span class='ocr_line' id='line_1_2' title="bbox 52 229 851 310; baseline 0 -18"><span class='ocrx_word' id='word_1_7' title='bbox 52 244 110 302; x_wconf 85' lang='lat' dir='ltr'>net,</span> <span class='ocrx_word' id='word_1_8' title='bbox 131 235 309 308; x_wconf 81' lang='lat' dir='ltr'>millibusque</span> <span class='ocrx_word' id='word_1_9' title='bbox 318 229 467 308; x_wconf 78' lang='lat' dir='ltr'>amplius&#39;D</span> <span class='ocrx_word' id='word_1_10' title='bbox 477 237 505 293; x_wconf 89' lang='lat' dir='ltr'>in</span> <span class='ocrx_word' id='word_1_11' title='bbox 522 236 715 310; x_wconf 76' lang='lat' dir='ltr'><strong>longitudinem</strong></span> <span class='ocrx_word' id='word_1_12' title='bbox 727 234 807 310; x_wconf 88' lang='lat' dir='ltr'>patet]</span> <span class='ocrx_word' id='word_1_13' title='bbox 822 238 851 292; x_wconf 89' lang='lat' dir='ltr'>L.</span> 
     </span>
     <span class='ocr_line' id='line_1_3' title="bbox 52 309 855 382; baseline 0 -16"><span class='ocrx_word' id='word_1_14' title='bbox 52 309 339 376; x_wconf 28' lang='lat' dir='ltr'>Minucium&#39;Besilum</span> <span class='ocrx_word' id='word_1_15' title='bbox 353 321 419 380; x_wconf 77' lang='lat' dir='ltr'>cum&#39;</span> <span class='ocrx_word' id='word_1_16' title='bbox 433 312 507 367; x_wconf 91' lang='lat' dir='ltr'>omni</span> <span class='ocrx_word' id='word_1_17' title='bbox 525 312 644 382; x_wconf 82' lang='lat' dir='ltr'>equitatu</span> <span class='ocrx_word' id='word_1_18' title='bbox 661 311 812 381; x_wconf 82' lang='lat' dir='ltr'>praemittit,</span> <span class='ocrx_word' id='word_1_19' title='bbox 831 312 855 366; x_wconf 85' lang='lat' dir='ltr'>si</span> 
     </span>
     <span class='ocr_line' id='line_1_4' title="bbox 52 384 855 457; baseline 0 -17"><span class='ocrx_word' id='word_1_20' title='bbox 52 385 117 457; x_wconf 89' lang='lat' dir='ltr'>quid</span> <span class='ocrx_word' id='word_1_21' title='bbox 135 384 270 441; x_wconf 87' lang='lat' dir='ltr'>celeritate</span> <span class='ocrx_word' id='word_1_22' title='bbox 292 384 396 440; x_wconf 83' lang='lat' dir='ltr'>itineris</span> <span class='ocrx_word' id='word_1_23' title='bbox 416 394 495 457; x_wconf 87' lang='lat' dir='ltr'>etque</span> <span class='ocrx_word' id='word_1_24' title='bbox 516 385 711 457; x_wconf 76' lang='lat' dir='ltr'>opportunitate</span> <span class='ocrx_word' id='word_1_25' title='bbox 729 385 855 456; x_wconf 87' lang='lat' dir='ltr'>temporis</span> 
     </span>
     <span class='ocr_line' id='line_1_5' title="bbox 50 457 855 533; baseline -0.005 -18"><span class='ocrx_word' id='word_1_26' title='bbox 50 460 175 530; x_wconf 83' lang='lat' dir='ltr'>prolicere</span> <span class='ocrx_word' id='word_1_27' title='bbox 186 461 286 531; x_wconf 88' lang='lat' dir='ltr'>possit;</span> <span class='ocrx_word' id='word_1_28' title='bbox 308 465 406 525; x_wconf 85' lang='lat' dir='ltr'>monet,</span> <span class='ocrx_word' id='word_1_29' title='bbox 426 467 457 515; x_wconf 92' lang='lat' dir='ltr'>ut</span> <span class='ocrx_word' id='word_1_30' title='bbox 470 460 545 533; x_wconf 78' lang='lat' dir='ltr'>ignes</span> <span class='ocrx_word' id='word_1_31' title='bbox 555 460 611 515; x_wconf 87' lang='lat' dir='ltr'>lieri</span> <span class='ocrx_word' id='word_1_32' title='bbox 627 457 855 530; x_wconf 80' lang='lat' dir='ltr'>incastrisprohi·</span> 
     </span>
     <span class='ocr_line' id='line_1_6' title="bbox 50 532 856 608; baseline -0.002 -18"><span class='ocrx_word' id='word_1_33' title='bbox 50 535 116 600; x_wconf 80' lang='lat' dir='ltr'>beat,</span> <span class='ocrx_word' id='word_1_34' title='bbox 130 552 165 589; x_wconf 88' lang='lat' dir='ltr'>ne</span> <span class='ocrx_word' id='word_1_35' title='bbox 175 551 231 606; x_wconf 88' lang='lat' dir='ltr'>que</span> <span class='ocrx_word' id='word_1_36' title='bbox 241 534 301 590; x_wconf 84' lang='lat' dir='ltr'>eius</span> <span class='ocrx_word' id='word_1_37' title='bbox 311 533 440 588; x_wconf 85' lang='lat' dir='ltr'>adventus</span> <span class='ocrx_word' id='word_1_38' title='bbox 450 533 541 606; x_wconf 88' lang='lat' dir='ltr'>procul</span> <span class='ocrx_word' id='word_1_39' title='bbox 550 533 709 608; x_wconf 74' lang='lat' dir='ltr'>significatio</span> <span class='ocrx_word' id='word_1_40' title='bbox 720 532 778 588; x_wconf 86' lang='lat' dir='ltr'>liat:</span> <span class='ocrx_word' id='word_1_41' title='bbox 798 549 856 588; x_wconf 83' lang='lat' dir='ltr'>sese</span> 
     </span>
     <span class='ocr_line' id='line_1_7' title="bbox 49 606 467 680; baseline -0.01 -16"><span class='ocrx_word' id='word_1_42' title='bbox 49 609 186 664; x_wconf 79' lang='lat' dir='ltr'>confestim</span> <span class='ocrx_word' id='word_1_43' title='bbox 198 608 332 680; x_wconf 78' lang='lat' dir='ltr'><strong>subsequi</strong></span> <span class='ocrx_word' id='word_1_44' title='bbox 342 606 415 662; x_wconf 90' lang='lat' dir='ltr'>dicit.</span> <span class='ocrx_word' id='word_1_45' title='bbox 465 635 467 640; x_wconf 95' lang='lat'>·</span> 
     </span>
    </p>

    <p class='ocr_par' dir='ltr' id='par_1_3' title="bbox 48 680 858 1960">
     <span class='ocr_line' id='line_1_8' title="bbox 103 680 855 754; baseline -0.001 -16"><span class='ocrx_word' id='word_1_46' title='bbox 103 683 195 738; x_wconf 87' lang='lat' dir='ltr'><strong>XXX.</strong></span> <span class='ocrx_word' id='word_1_47' title='bbox 215 681 334 749; x_wconf 82' lang='lat' dir='ltr'><strong>Basilus,</strong></span> <span class='ocrx_word' id='word_1_48' title='bbox 357 689 388 736; x_wconf 89' lang='lat' dir='ltr'>ut</span> <span class='ocrx_word' id='word_1_49' title='bbox 401 683 559 754; x_wconf 88' lang='lat' dir='ltr'>imperatum</span> <span class='ocrx_word' id='word_1_50' title='bbox 569 689 623 748; x_wconf 89' lang='lat' dir='ltr'>est,</span> <span class='ocrx_word' id='word_1_51' title='bbox 643 681 717 751; x_wconf 80' lang='lat' dir='ltr'>iacit3</span> <span class='ocrx_word' id='word_1_52' title='bbox 739 680 855 738; x_wconf 88' lang='lat' dir='ltr'>celeriter</span> 
     </span>
     <span class='ocr_line' id='line_1_9' title="bbox 49 755 854 830; baseline 0 -18"><span class='ocrx_word' id='word_1_53' title='bbox 49 767 194 830; x_wconf 81' lang='lat' dir='ltr'>contraque</span> <span class='ocrx_word' id='word_1_54' title='bbox 207 758 332 813; x_wconf 89' lang='lat' dir='ltr'>omnium</span> <span class='ocrx_word' id='word_1_55' title='bbox 342 757 493 828; x_wconf 84' lang='lat' dir='ltr'>opinionem</span> <span class='ocrx_word' id='word_1_56' title='bbox 503 756 618 813; x_wconf 88' lang='lat' dir='ltr'>coniecto</span> <span class='ocrx_word' id='word_1_57' title='bbox 628 757 734 822; x_wconf 85' lang='lat' dir='ltr'>itinere,</span> <span class='ocrx_word' id='word_1_58' title='bbox 756 755 854 812; x_wconf 90' lang='lat' dir='ltr'>multos</span> 
     </span>
     <span class='ocr_line' id='line_1_10' title="bbox 50 830 856 906; baseline 0.001 -21"><span class='ocrx_word' id='word_1_59' title='bbox 50 834 77 886; x_wconf 87' lang='lat' dir='ltr'>iu</span> <span class='ocrx_word' id='word_1_60' title='bbox 97 833 170 906; x_wconf 83' lang='lat' dir='ltr'>agris</span> <span class='ocrx_word' id='word_1_61' title='bbox 190 832 361 904; x_wconf 69' lang='lat' dir='ltr'>inopinantes</span> <span class='ocrx_word' id='word_1_62' title='bbox 380 830 564 903; x_wconf 79' lang='lat' dir='ltr'>deprehendit3</span> <span class='ocrx_word' id='word_1_63' title='bbox 594 848 685 888; x_wconf 88' lang='lat' dir='ltr'>eorum</span> <span class='ocrx_word' id='word_1_64' title='bbox 704 830 803 888; x_wconf 90' lang='lat' dir='ltr'>indicio</span> <span class='ocrx_word' id='word_1_65' title='bbox 820 830 856 887; x_wconf 88' lang='lat' dir='ltr'>ad</span> 
     </span>
     <span class='ocr_line' id='line_1_11' title="bbox 51 905 854 978; baseline 0.001 -19"><span class='ocrx_word' id='word_1_66' title='bbox 51 908 140 977; x_wconf 86' lang='lat' dir='ltr'>ipsum</span> <span class='ocrx_word' id='word_1_67' title='bbox 150 905 338 978; x_wconf 81' lang='lat' dir='ltr'>Ambiorigem</span> <span class='ocrx_word' id='word_1_68' title='bbox 348 906 490 971; x_wconf 81' lang='lat' dir='ltr'>contendit,</span> <span class='ocrx_word' id='word_1_69' title='bbox 510 923 565 978; x_wconf 92' lang='lat' dir='ltr'>quo</span> <span class='ocrx_word' id='word_1_70' title='bbox 579 906 607 962; x_wconf 90' lang='lat' dir='ltr'>in</span> <span class='ocrx_word' id='word_1_71' title='bbox 621 907 676 963; x_wconf 88' lang='lat' dir='ltr'>loco</span> <span class='ocrx_word' id='word_1_72' title='bbox 690 923 752 963; x_wconf 90' lang='lat' dir='ltr'>cum</span> <span class='ocrx_word' id='word_1_73' title='bbox 762 906 854 978; x_wconf 77' lang='lat' dir='ltr'>paucis</span> 
     </span>
     <span class='ocr_line' id='line_1_12' title="bbox 49 979 854 1054; baseline 0.002 -20"><span class='ocrx_word' id='word_1_74' title='bbox 49 982 187 1052; x_wconf 88' lang='lat' dir='ltr'>equitibus</span> <span class='ocrx_word' id='word_1_75' title='bbox 201 998 261 1036; x_wconf 73' lang='lat' dir='ltr'>esse</span> <span class='ocrx_word' id='word_1_76' title='bbox 274 979 422 1036; x_wconf 83' lang='lat' dir='ltr'>dicebatur.</span> <span class='ocrx_word' id='word_1_77' title='bbox 442 979 557 1037; x_wconf 84' lang='lat' dir='ltr'>Multum</span> <span class='ocrx_word' id='word_1_78' title='bbox 577 999 662 1054; x_wconf 90' lang='lat' dir='ltr'>quum</span> <span class='ocrx_word' id='word_1_79' title='bbox 683 982 710 1036; x_wconf 92' lang='lat' dir='ltr'>in</span> <span class='ocrx_word' id='word_1_80' title='bbox 728 981 854 1037; x_wconf 89' lang='lat' dir='ltr'>omnibus</span> 
     </span>
     <span class='ocr_line' id='line_1_13' title="bbox 50 1054 855 1126; baseline 0.002 -17"><span class='ocrx_word' id='word_1_81' title='bbox 50 1056 140 1121; x_wconf 82' lang='lat' dir='ltr'>rebus,</span> <span class='ocrx_word' id='word_1_82' title='bbox 152 1063 213 1110; x_wconf 91' lang='lat' dir='ltr'>tum</span> <span class='ocrx_word' id='word_1_83' title='bbox 224 1056 252 1110; x_wconf 91' lang='lat' dir='ltr'>in</span> <span class='ocrx_word' id='word_1_84' title='bbox 262 1072 292 1110; x_wconf 87' lang='lat' dir='ltr'>re</span> <span class='ocrx_word' id='word_1_85' title='bbox 300 1054 410 1110; x_wconf 89' lang='lat' dir='ltr'>militari</span> <span class='ocrx_word' id='word_1_86' title='bbox 417 1061 502 1126; x_wconf 83' lang='lat' dir='ltr'>potest</span> <span class='ocrx_word' id='word_1_87' title='bbox 511 1054 623 1112; x_wconf 75' lang='lat' dir='ltr'>fortuna.</span> <span class='ocrx_word' id='word_1_88' title='bbox 642 1057 710 1112; x_wconf 84' lang='lat' dir='ltr'>Nem</span> <span class='ocrx_word' id='word_1_89' title='bbox 721 1056 789 1111; x_wconf 86' lang='lat' dir='ltr'>siout</span> <span class='ocrx_word' id='word_1_90' title='bbox 797 1073 855 1111; x_wconf 85' lang='lat' dir='ltr'>me-</span> 
     </span>
     <span class='ocr_line' id='line_1_14' title="bbox 48 1129 855 1203; baseline 0.002 -19"><span class='ocrx_word' id='word_1_91' title='bbox 48 1145 103 1202; x_wconf 81' lang='lat' dir='ltr'>gno</span> <span class='ocrx_word' id='word_1_92' title='bbox 112 1129 208 1184; x_wconf 87' lang='lat' dir='ltr'>accidit</span> <span class='ocrx_word' id='word_1_93' title='bbox 216 1147 292 1195; x_wconf 81' lang='lat' dir='ltr'>casu,</span> <span class='ocrx_word' id='word_1_94' title='bbox 303 1136 335 1184; x_wconf 91' lang='lat' dir='ltr'>ut</span> <span class='ocrx_word' id='word_1_95' title='bbox 343 1129 371 1184; x_wconf 93' lang='lat' dir='ltr'>in</span> <span class='ocrx_word' id='word_1_96' title='bbox 382 1129 471 1201; x_wconf 87' lang='lat' dir='ltr'>ipsum</span> <span class='ocrx_word' id='word_1_97' title='bbox 482 1129 618 1186; x_wconf 81' lang='lat' dir='ltr'>incautum</span> <span class='ocrx_word' id='word_1_98' title='bbox 626 1137 706 1203; x_wconf 86' lang='lat' dir='ltr'>atque</span> <span class='ocrx_word' id='word_1_99' title='bbox 715 1129 794 1186; x_wconf 83' lang='lat' dir='ltr'>etiem</span> <span class='ocrx_word' id='word_1_100' title='bbox 802 1131 855 1186; x_wconf 87' lang='lat' dir='ltr'>im-</span> 
     </span>
     <span class='ocr_line' id='line_1_15' title="bbox 51 1203 855 1275; baseline 0.004 -18"><span class='ocrx_word' id='word_1_101' title='bbox 51 1212 173 1274; x_wconf 89' lang='lat' dir='ltr'>paratum</span> <span class='ocrx_word' id='word_1_102' title='bbox 184 1203 321 1269; x_wconf 83' lang='lat' dir='ltr'>incideret,</span> <span class='ocrx_word' id='word_1_103' title='bbox 343 1203 473 1275; x_wconf 85' lang='lat' dir='ltr'>priusque</span> <span class='ocrx_word' id='word_1_104' title='bbox 485 1205 545 1260; x_wconf 78' lang='lat' dir='ltr'>eius</span> <span class='ocrx_word' id='word_1_105' title='bbox 556 1204 686 1260; x_wconf 81' lang='lat' dir='ltr'>adventus</span> <span class='ocrx_word' id='word_1_106' title='bbox 695 1205 730 1260; x_wconf 85' lang='lat' dir='ltr'>cb</span> <span class='ocrx_word' id='word_1_107' title='bbox 739 1205 855 1260; x_wconf 88' lang='lat' dir='ltr'>bomini·</span> 
     </span>
     <span class='ocr_line' id='line_1_16' title="bbox 51 1277 855 1350; baseline 0.002 -19"><span class='ocrx_word' id='word_1_108' title='bbox 51 1279 105 1332; x_wconf 89' lang='lat' dir='ltr'>bus</span> <span class='ocrx_word' id='word_1_109' title='bbox 116 1277 261 1350; x_wconf 80' lang='lat' dir='ltr'>uideretur,</span> <span class='ocrx_word' id='word_1_110' title='bbox 282 1295 367 1350; x_wconf 87' lang='lat' dir='ltr'>quam</span> <span class='ocrx_word' id='word_1_111' title='bbox 385 1277 455 1334; x_wconf 84' lang='lat' dir='ltr'>fama</span> <span class='ocrx_word' id='word_1_112' title='bbox 467 1295 497 1334; x_wconf 84' lang='lat' dir='ltr'>ac</span> <span class='ocrx_word' id='word_1_113' title='bbox 516 1279 621 1334; x_wconf 89' lang='lat' dir='ltr'>nunciis</span> <span class='ocrx_word' id='word_1_114' title='bbox 638 1279 795 1334; x_wconf 80' lang='lat' dir='ltr'>adiceretur:</span> <span class='ocrx_word' id='word_1_115' title='bbox 816 1280 855 1336; x_wconf 86' lang='lat' dir='ltr'>sic</span> 
     </span>
     <span class='ocr_line' id='line_1_17' title="bbox 52 1351 855 1425; baseline 0.005 -20"><span class='ocrx_word' id='word_1_116' title='bbox 52 1368 166 1424; x_wconf 83' lang='lat' dir='ltr'>magnae</span> <span class='ocrx_word' id='word_1_117' title='bbox 176 1351 226 1407; x_wconf 85' lang='lat' dir='ltr'>brit</span> <span class='ocrx_word' id='word_1_118' title='bbox 234 1351 366 1418; x_wconf 79' lang='lat' dir='ltr'>fortunae,</span> <span class='ocrx_word' id='word_1_119' title='bbox 380 1353 454 1408; x_wconf 90' lang='lat' dir='ltr'>omni</span> <span class='ocrx_word' id='word_1_120' title='bbox 464 1351 572 1421; x_wconf 85' lang='lat' dir='ltr'>militari</span> <span class='ocrx_word' id='word_1_121' title='bbox 582 1354 765 1419; x_wconf 86' lang='lat' dir='ltr'>instrumento,</span> <span class='ocrx_word' id='word_1_122' title='bbox 781 1353 855 1425; x_wconf 89' lang='lat' dir='ltr'>quod</span> 
     </span>
     <span class='ocr_line' id='line_1_18' title="bbox 51 1426 856 1500; baseline 0.004 -21"><span class='ocrx_word' id='word_1_123' title='bbox 51 1426 154 1480; x_wconf 89' lang='lat' dir='ltr'>circum</span> <span class='ocrx_word' id='word_1_124' title='bbox 164 1427 326 1492; x_wconf 82' lang='lat' dir='ltr'>sebabebat,</span> <span class='ocrx_word' id='word_1_125' title='bbox 339 1435 434 1500; x_wconf 82' lang='lat' dir='ltr'>erepto.</span> <span class='ocrx_word' id='word_1_126' title='bbox 446 1427 536 1483; x_wconf 88' lang='lat' dir='ltr'>rhedis</span> <span class='ocrx_word' id='word_1_127' title='bbox 545 1427 676 1500; x_wconf 84' lang='lat' dir='ltr'>equisque</span> <span class='ocrx_word' id='word_1_128' title='bbox 684 1427 856 1498; x_wconf 87' lang='lat' dir='ltr'>comprehen-</span> 
     </span>
     <span class='ocr_line' id='line_1_19' title="bbox 51 1499 854 1588; baseline -0.001 -32"><span class='ocrx_word' id='word_1_129' title='bbox 51 1501 99 1566; x_wconf 86' lang='lat' dir='ltr'>sis,</span> <span class='ocrx_word' id='word_1_130' title='bbox 120 1501 211 1573; x_wconf 87' lang='lat' dir='ltr'>ipsum</span> <span class='ocrx_word' id='word_1_131' title='bbox 230 1502 348 1588; x_wconf 72' lang='lat' dir='ltr'>effugere</span> <span class='ocrx_word' id='word_1_132' title='bbox 360 1509 481 1557; x_wconf 85' lang='lat' dir='ltr'>mortem.</span> <span class='ocrx_word' id='word_1_133' title='bbox 501 1500 554 1557; x_wconf 88' lang='lat' dir='ltr'>Sed</span> <span class='ocrx_word' id='word_1_134' title='bbox 571 1501 621 1556; x_wconf 88' lang='lat' dir='ltr'>hoo</span> <span class='ocrx_word' id='word_1_135' title='bbox 639 1517 670 1555; x_wconf 88' lang='lat' dir='ltr'>ec</span> <span class='ocrx_word' id='word_1_136' title='bbox 687 1499 786 1556; x_wconf 84' lang='lat' dir='ltr'>iactum</span> <span class='ocrx_word' id='word_1_137' title='bbox 806 1509 854 1565; x_wconf 81' lang='lat' dir='ltr'>est,</span> 
     </span>
     <span class='ocr_line' id='line_1_20' title="bbox 51 1573 856 1650; baseline -0.004 -20"><span class='ocrx_word' id='word_1_138' title='bbox 51 1575 134 1647; x_wconf 85' lang='lat' dir='ltr'>quod.</span> <span class='ocrx_word' id='word_1_139' title='bbox 146 1576 268 1632; x_wconf 80' lang='lat' dir='ltr'>aedificio</span> <span class='ocrx_word' id='word_1_140' title='bbox 277 1577 440 1632; x_wconf 73' lang='lat' dir='ltr'>circumdato</span> <span class='ocrx_word' id='word_1_141' title='bbox 449 1575 527 1642; x_wconf 85' lang='lat' dir='ltr'>silva,</span> <span class='ocrx_word' id='word_1_142' title='bbox 538 1575 577 1650; x_wconf 91' lang='lat' dir='ltr'>(ut</span> <span class='ocrx_word' id='word_1_143' title='bbox 588 1582 652 1630; x_wconf 90' lang='lat' dir='ltr'>sunt</span> <span class='ocrx_word' id='word_1_144' title='bbox 660 1573 714 1628; x_wconf 84' lang='lat' dir='ltr'>lere</span> <span class='ocrx_word' id='word_1_145' title='bbox 723 1574 856 1628; x_wconf 88' lang='lat' dir='ltr'>domicilia</span> 
     </span>
     <span class='ocr_line' id='line_1_21' title="bbox 53 1647 858 1724; baseline -0.005 -18"><span class='ocrx_word' id='word_1_146' title='bbox 53 1649 203 1717; x_wconf 81' lang='lat' dir='ltr'>Gallorum,</span> <span class='ocrx_word' id='word_1_147' title='bbox 227 1651 287 1724; x_wconf 87' lang='lat' dir='ltr'>qui,</span> <span class='ocrx_word' id='word_1_148' title='bbox 308 1650 409 1708; x_wconf 84' lang='lat' dir='ltr'>vitandi</span> <span class='ocrx_word' id='word_1_149' title='bbox 420 1659 508 1706; x_wconf 88' lang='lat' dir='ltr'>aestus</span> <span class='ocrx_word' id='word_1_150' title='bbox 518 1667 620 1714; x_wconf 71' lang='lat' dir='ltr'>mussa,</span> <span class='ocrx_word' id='word_1_151' title='bbox 641 1648 800 1721; x_wconf 72' lang='lat' dir='ltr'>plenumque</span> <span class='ocrx_word' id='word_1_152' title='bbox 809 1647 858 1703; x_wconf 90' lang='lat' dir='ltr'>sil-</span> 
     </span>
     <span class='ocr_line' id='line_1_22' title="bbox 52 1721 857 1802; baseline 0 -24"><span class='ocrx_word' id='word_1_153' title='bbox 52 1743 149 1780; x_wconf 84' lang='lat' dir='ltr'>varum</span> <span class='ocrx_word' id='word_1_154' title='bbox 160 1741 191 1781; x_wconf 83' lang='lat' dir='ltr'>ac</span> <span class='ocrx_word' id='word_1_155' title='bbox 200 1723 347 1802; x_wconf 70' lang='lat' dir='ltr'>fluminum</span> <span class='ocrx_word' id='word_1_156' title='bbox 360 1732 453 1798; x_wconf 87' lang='lat' dir='ltr'>petunt</span> <span class='ocrx_word' id='word_1_157' title='bbox 466 1723 683 1798; x_wconf 73' lang='lat' dir='ltr'>propinquitates)</span> <span class='ocrx_word' id='word_1_158' title='bbox 698 1723 805 1779; x_wconf 81' lang='lat' dir='ltr'>comites</span> <span class='ocrx_word' id='word_1_159' title='bbox 817 1721 857 1778; x_wconf 85' lang='lat' dir='ltr'>fa-</span> 
     </span>
     <span class='ocr_line' id='line_1_23' title="bbox 53 1797 856 1874; baseline 0.002 -22"><span class='ocrx_word' id='word_1_160' title='bbox 53 1797 226 1872; x_wconf 86' lang='lat' dir='ltr'>miliaresque</span> <span class='ocrx_word' id='word_1_161' title='bbox 243 1801 303 1856; x_wconf 84' lang='lat' dir='ltr'>eius</span> <span class='ocrx_word' id='word_1_162' title='bbox 322 1807 435 1874; x_wconf 76' lang='lat' dir='ltr'>augusto</span> <span class='ocrx_word' id='word_1_163' title='bbox 452 1799 481 1856; x_wconf 92' lang='lat' dir='ltr'>in</span> <span class='ocrx_word' id='word_1_164' title='bbox 502 1799 558 1855; x_wconf 91' lang='lat' dir='ltr'>loco</span> <span class='ocrx_word' id='word_1_165' title='bbox 573 1797 717 1872; x_wconf 85' lang='lat' dir='ltr'>paullisper</span> <span class='ocrx_word' id='word_1_166' title='bbox 735 1798 856 1871; x_wconf 86' lang='lat' dir='ltr'>equitum</span> 
     </span>
     <span class='ocr_line' id='line_1_24' title="bbox 54 1872 856 1960; baseline 0.001 -32"><span class='ocrx_word' id='word_1_167' title='bbox 54 1881 206 1930; x_wconf 87' lang='lat' dir='ltr'>nostrorum</span> <span class='ocrx_word' id='word_1_168' title='bbox 216 1874 273 1930; x_wconf 86' lang='lat' dir='ltr'>vim</span> <span class='ocrx_word' id='word_1_169' title='bbox 284 1874 479 1931; x_wconf 85' lang='lat' dir='ltr'>sustinuerunt.</span> <span class='ocrx_word' id='word_1_170' title='bbox 507 1875 555 1929; x_wconf 92' lang='lat' dir='ltr'>His</span> <span class='ocrx_word' id='word_1_171' title='bbox 564 1874 755 1960; x_wconf 77' lang='lat' dir='ltr'>pugnantibus,</span> <span class='ocrx_word' id='word_1_172' title='bbox 778 1872 856 1929; x_wconf 91' lang='lat' dir='ltr'>illum</span> 
     </span>
    </p>
   </div>
   <div class='ocr_carea' id='block_1_3' title="bbox 615 1948 857 2089">
    <p class='ocr_par' dir='ltr' id='par_1_4' title="bbox 615 1948 857 2089">
     <span class='ocr_line' id='line_1_25' title="bbox 628 1948 857 2004; baseline 0 0"><span class='ocrx_word' id='word_1_173' title='bbox 628 1954 715 2004; x_wconf 90' lang='lat' dir='ltr'>eutem</span> <span class='ocrx_word' id='word_1_174' title='bbox 727 1948 857 2004; x_wconf 81' lang='lat' dir='ltr'>silveste-</span> 
     </span>
     <span class='ocr_line' id='line_1_26' title="bbox 615 2023 857 2089; baseline 0 -11"><span class='ocrx_word' id='word_1_175' title='bbox 615 2040 671 2089; x_wconf 71' lang='lat' dir='ltr'>um¹</span> <span class='ocrx_word' id='word_1_176' title='bbox 692 2023 857 2079; x_wconf 83' lang='lat' dir='ltr'>etadvitau-</span> 
     </span>
    </p>
   </div>
   <div class='ocr_carea' id='block_1_4' title="bbox 53 1947 626 2077">
    <p class='ocr_par' dir='ltr' id='par_1_5' title="bbox 53 1947 626 2077">
     <span class='ocr_line' id='line_1_27' title="bbox 53 1947 626 2077; baseline 0.002 -75"><span class='ocrx_word' id='word_1_177' title='bbox 53 1948 81 2004; x_wconf 92' lang='lat' dir='ltr'>in</span> <span class='ocrx_word' id='word_1_178' title='bbox 93 1966 196 2021; x_wconf 89' lang='lat' dir='ltr'>equum</span> <span class='ocrx_word' id='word_1_179' title='bbox 207 1948 320 2022; x_wconf 81' lang='lat' dir='ltr'>quidum</span> <span class='ocrx_word' id='word_1_180' title='bbox 333 1965 367 2005; x_wconf 84' lang='lat' dir='ltr'>ex</span> <span class='ocrx_word' id='word_1_181' title='bbox 380 1948 438 2005; x_wconf 83' lang='lat' dir='ltr'>suis</span> <span class='ocrx_word' id='word_1_182' title='bbox 448 1947 550 2004; x_wconf 88' lang='lat' dir='ltr'>intulit:</span> <span class='ocrx_word' id='word_1_183' title='bbox 570 1947 626 2077; x_wconf 66' lang='lat' dir='ltr'>lup</span> 
     </span>
    </p>
   </div>
   <div class='ocr_carea' id='block_1_5' title="bbox 52 2021 858 2540">
    <p class='ocr_par' dir='ltr' id='par_1_6' title="bbox 53 2021 603 2162">
     <span class='ocr_line' id='line_1_28' title="bbox 53 2021 603 2096; baseline 0 -18"><span class='ocrx_word' id='word_1_184' title='bbox 53 2031 162 2080; x_wconf 89' lang='lat' dir='ltr'>xerunt.</span> <span class='ocrx_word' id='word_1_185' title='bbox 183 2022 228 2079; x_wconf 81' lang='lat' dir='ltr'>Sic</span> <span class='ocrx_word' id='word_1_186' title='bbox 241 2030 267 2079; x_wconf 87' lang='lat' dir='ltr'>et</span> <span class='ocrx_word' id='word_1_187' title='bbox 281 2021 316 2078; x_wconf 78' lang='lat' dir='ltr'>td</span> <span class='ocrx_word' id='word_1_188' title='bbox 330 2021 501 2079; x_wconf 87' lang='lat' dir='ltr'>subeundum</span> <span class='ocrx_word' id='word_1_189' title='bbox 513 2023 603 2096; x_wconf 88' lang='lat' dir='ltr'>pericu</span> 
     </span>
     <span class='ocr_line' id='line_1_29' title="bbox 53 2095 481 2162; baseline 0 -10"><span class='ocrx_word' id='word_1_190' title='bbox 53 2097 131 2162; x_wconf 81' lang='lat' dir='ltr'>dum,</span> <span class='ocrx_word' id='word_1_191' title='bbox 143 2097 262 2154; x_wconf 89' lang='lat' dir='ltr'>multum</span> <span class='ocrx_word' id='word_1_192' title='bbox 272 2095 377 2154; x_wconf 84' lang='lat' dir='ltr'>fortuna</span> <span class='ocrx_word' id='word_1_193' title='bbox 386 2095 481 2154; x_wconf 79' lang='lat' dir='ltr'>valuit.</span> 
     </span>
    </p>

    <p class='ocr_par' dir='ltr' id='par_1_7' title="bbox 52 2170 858 2540">
     <span class='ocr_line' id='line_1_30' title="bbox 108 2170 857 2242; baseline -0.001 -15"><span class='ocrx_word' id='word_1_194' title='bbox 108 2172 215 2228; x_wconf 88' lang='lat' dir='ltr'><strong>XXXI.</strong></span> <span class='ocrx_word' id='word_1_195' title='bbox 235 2170 857 2242; x_wconf 78' lang='lat' dir='ltr'>Ambiorixcopiassuesiudiciouenoncondu-</span> 
     </span>
     <span class='ocr_line' id='line_1_31' title="bbox 53 2245 857 2319; baseline -0.004 -17"><span class='ocrx_word' id='word_1_196' title='bbox 53 2246 131 2313; x_wconf 75' lang='lat' dir='ltr'>terit,</span> <span class='ocrx_word' id='word_1_197' title='bbox 153 2245 228 2319; x_wconf 90' lang='lat' dir='ltr'>quod</span> <span class='ocrx_word' id='word_1_198' title='bbox 248 2245 348 2318; x_wconf 87' lang='lat' dir='ltr'>proelio</span> <span class='ocrx_word' id='word_1_199' title='bbox 365 2245 548 2300; x_wconf 74' lang='lat' dir='ltr'>dimicandum</span> <span class='ocrx_word' id='word_1_200' title='bbox 567 2263 620 2302; x_wconf 90' lang='lat' dir='ltr'>non</span> <span class='ocrx_word' id='word_1_201' title='bbox 636 2246 802 2309; x_wconf 84' lang='lat' dir='ltr'>existimarit,</span> <span class='ocrx_word' id='word_1_202' title='bbox 823 2262 857 2300; x_wconf 87' lang='lat' dir='ltr'>un</span> 
     </span>
     <span class='ocr_line' id='line_1_32' title="bbox 52 2317 858 2394; baseline -0.007 -18"><span class='ocrx_word' id='word_1_203' title='bbox 52 2329 172 2394; x_wconf 82' lang='lat' dir='ltr'>tempore</span> <span class='ocrx_word' id='word_1_204' title='bbox 182 2319 310 2378; x_wconf 83' lang='lat' dir='ltr'>exclusus</span> <span class='ocrx_word' id='word_1_205' title='bbox 320 2326 346 2374; x_wconf 84' lang='lat' dir='ltr'>et</span> <span class='ocrx_word' id='word_1_206' title='bbox 356 2319 493 2392; x_wconf 87' lang='lat' dir='ltr'>repentino</span> <span class='ocrx_word' id='word_1_207' title='bbox 504 2320 623 2391; x_wconf 84' lang='lat' dir='ltr'>equitum</span> <span class='ocrx_word' id='word_1_208' title='bbox 637 2319 752 2376; x_wconf 82' lang='lat' dir='ltr'>adventu</span> <span class='ocrx_word' id='word_1_209' title='bbox 766 2317 858 2389; x_wconf 89' lang='lat' dir='ltr'>probi-</span> 
     </span>
     <span class='ocr_line' id='line_1_33' title="bbox 54 2390 855 2467; baseline -0.007 -17"><span class='ocrx_word' id='word_1_210' title='bbox 54 2396 135 2462; x_wconf 78' lang='lat' dir='ltr'>bitus,</span> <span class='ocrx_word' id='word_1_211' title='bbox 158 2412 247 2467; x_wconf 92' lang='lat' dir='ltr'>quum</span> <span class='ocrx_word' id='word_1_212' title='bbox 265 2393 401 2465; x_wconf 89' lang='lat' dir='ltr'>reliquum</span> <span class='ocrx_word' id='word_1_213' title='bbox 419 2393 563 2449; x_wconf 81' lang='lat' dir='ltr'>exereitum</span> <span class='ocrx_word' id='word_1_214' title='bbox 582 2391 712 2466; x_wconf 83' lang='lat' dir='ltr'>subsequi</span> <span class='ocrx_word' id='word_1_215' title='bbox 731 2390 855 2454; x_wconf 78' lang='lat' dir='ltr'>crederet,</span> 
     </span>
     <span class='ocr_line' id='line_1_34' title="bbox 53 2462 858 2540; baseline -0.007 -16"><span class='ocrx_word' id='word_1_216' title='bbox 53 2470 170 2524; x_wconf 90' lang='lat' dir='ltr'>dubium</span> <span class='ocrx_word' id='word_1_217' title='bbox 181 2477 235 2525; x_wconf 88' lang='lat' dir='ltr'>est:</span> <span class='ocrx_word' id='word_1_218' title='bbox 256 2467 305 2524; x_wconf 85' lang='lat' dir='ltr'>scd</span> <span class='ocrx_word' id='word_1_219' title='bbox 315 2476 390 2534; x_wconf 84' lang='lat' dir='ltr'>certe,</span> <span class='ocrx_word' id='word_1_220' title='bbox 406 2467 525 2523; x_wconf 86' lang='lat' dir='ltr'>dimissis</span> <span class='ocrx_word' id='word_1_221' title='bbox 534 2485 582 2540; x_wconf 89' lang='lat' dir='ltr'>per</span> <span class='ocrx_word' id='word_1_222' title='bbox 591 2484 668 2540; x_wconf 81' lang='lat' dir='ltr'>agros</span> <span class='ocrx_word' id='word_1_223' title='bbox 679 2463 794 2527; x_wconf 85' lang='lat' dir='ltr'>nunciis,</span> <span class='ocrx_word' id='word_1_224' title='bbox 805 2462 858 2518; x_wconf 90' lang='lat' dir='ltr'>sibi</span> 
     </span>
    </p>
   </div>
   <div class='ocr_carea' id='block_1_6' title="bbox 54 2535 976 2616">
    <p class='ocr_par' dir='ltr' id='par_1_8' title="bbox 54 2535 976 2616">
     <span class='ocr_line' id='line_1_35' title="bbox 54 2535 976 2616; baseline -0.01 -18"><span class='ocrx_word' id='word_1_225' title='bbox 54 2561 192 2616; x_wconf 90' lang='lat' dir='ltr'>quemque</span> <span class='ocrx_word' id='word_1_226' title='bbox 201 2541 340 2601; x_wconf 86' lang='lat' dir='ltr'>consulere</span> <span class='ocrx_word' id='word_1_227' title='bbox 350 2542 439 2598; x_wconf 83' lang='lat' dir='ltr'>iussit:</span> <span class='ocrx_word' id='word_1_228' title='bbox 454 2559 569 2614; x_wconf 89' lang='lat' dir='ltr'>quorum</span> <span class='ocrx_word' id='word_1_229' title='bbox 578 2557 639 2612; x_wconf 89' lang='lat' dir='ltr'>pars</span> <span class='ocrx_word' id='word_1_230' title='bbox 650 2540 677 2592; x_wconf 93' lang='lat' dir='ltr'>in</span> <span class='ocrx_word' id='word_1_231' title='bbox 687 2535 859 2591; x_wconf 75' lang='lat' dir='ltr'>Arduennam</span> <span class='ocrx_word' id='word_1_232' title='bbox 973 2551 976 2564; x_wconf 93' lang='lat'><em>·</em></span> 
     </span>
    </p>
   </div>
   <div class='ocr_carea' id='block_1_7' title="bbox 54 2607 941 2703">
    <p class='ocr_par' dir='ltr' id='par_1_9' title="bbox 54 2607 941 2703">
     <span class='ocr_line' id='line_1_36' title="bbox 54 2607 941 2703; baseline -0.015 -31"><span class='ocrx_word' id='word_1_233' title='bbox 54 2617 162 2694; x_wconf 76' lang='lat' dir='ltr'>silrnm,</span> <span class='ocrx_word' id='word_1_234' title='bbox 183 2636 247 2691; x_wconf 87' lang='lat' dir='ltr'>pars</span> <span class='ocrx_word' id='word_1_235' title='bbox 262 2616 291 2672; x_wconf 93' lang='lat' dir='ltr'>in</span> <span class='ocrx_word' id='word_1_236' title='bbox 301 2617 462 2703; x_wconf 84' lang='lat' dir='ltr'>continentes</span> <span class='ocrx_word' id='word_1_237' title='bbox 471 2614 581 2689; x_wconf 85' lang='lat' dir='ltr'>paludes</span> <span class='ocrx_word' id='word_1_238' title='bbox 589 2609 719 2686; x_wconf 73' lang='lat' dir='ltr'>profugit3</span> <span class='ocrx_word' id='word_1_239' title='bbox 740 2607 882 2680; x_wconf 86' lang='lat' dir='ltr'>quipro-¹</span> <span class='ocrx_word' id='word_1_240' title='bbox 937 2635 941 2640; x_wconf 93' lang='lat'><em>·</em></span> 
     </span>
    </p>
   </div>
   <div class='ocr_carea' id='block_1_8' title="bbox 0 0 1044 2998">
    <p class='ocr_par' dir='ltr' id='par_1_10' title="bbox 0 0 1044 2998">
     <span class='ocr_line' id='line_1_37' title="bbox 0 0 1044 2998; baseline 0 0"><span class='ocrx_word' id='word_1_241' title='bbox 0 0 1044 2998; x_wconf 95' lang='lat' dir='ltr'> </span> 
     </span>
    </p>
   </div>
  </div>
 </body>
</html>
