2068 2998
163 134 214 188 222
366 136 417 181 DE
438 133 563 180 BELLO
588 130 758 178 eunuco

163 236 340 308 oonsequitur.
351 235 419 289 Nam
429 232 621 303 Cnmutes,qui
629 246 708 302 saepe
716 229 803 286 vexati
811 246 965 302 numquam

164 312 237 384 peois
247 309 359 364 ieoerent
367 307 536 373 mentionem,
560 306 629 362 detis
638 304 788 369 obsidibus,
807 304 923 360 veniunt
936 306 965 360 in

164 385 337 450 deditionem
367 393 518 454 ceteraeque
538 381 670 445 civitates,
694 381 794 452 positae
811 377 840 432 in
859 377 966 434 ultimis

166 458 267 516 Galliae
285 458 398 522 linibus,
418 456 520 511 Ooeano
538 455 706 518 coniunctae,
726 469 795 525 quae
811 451 968 508 Armorioee

112 560 116 570 s
166 533 340 606 adponentur,
359 530 510 586 auctoritate
528 529 655 584 adductae
667 527 824 591 Carnutum,
847 525 966 582 adventu

166 608 240 663 Fabii
256 607 443 679 legionumque
456 604 582 676 imperata
595 603 654 658 sine
666 618 740 656 more
752 600 858 656 iaciunt.
879 601 966 656 Dum-

167 699 258 747 neous,
279 681 337 735 suis
351 679 449 735 finibus
458 677 597 749 exprdsus,
617 693 708 731 errans
721 675 880 748 latitansque
890 676 965 732 solus

166 764 295 811 extremas
305 752 406 808 Galliae
415 752 534 825 regiones
545 757 631 822 petere
640 757 679 806 est
687 757 802 804 enectus.

220 828 335 884 XXXII.
355 826 390 882 rit
397 827 523 897 Drappes,
542 842 650 896 unaque
659 823 806 888 Lucterius,
826 839 914 894 quum
927 824 966 879 le-

166 903 257 975 giones
272 900 468 971 Caniniumque
482 899 574 954 edesse
584 905 777 972 eognosoeront,
798 913 847 952 neo
860 915 890 952 se
906 898 966 954 sine

94 993 99 998 ·
166 983 235 1030 certa
244 973 365 1046 pernicie,
372 981 543 1044 persequente
553 973 676 1038 exercitu,
684 978 805 1044 putarent
813 971 966 1042 provinciae

168 1051 233 1104 lines
248 1049 344 1102 intrare
357 1064 447 1117 posse;
469 1063 517 1101 neo
533 1047 586 1102 iam
601 1046 710 1101 liberam
724 1045 840 1119 vagandi
860 1045 967 1100 lenoci-
1013 1085 1020 1097 .

167 1123 325 1194 niorumque
333 1119 511 1176 faciendorum
517 1120 665 1180 facultatem
674 1120 808 1186 heberent,
814 1119 966 1176 oonsistunt

168 1198 196 1252 in
205 1196 276 1269 egris
286 1194 475 1251 Cuduroorum.
495 1195 546 1261 lbi,
563 1211 648 1266 quum
661 1195 798 1249 Lucterius
813 1193 887 1265 apud
900 1212 965 1250 suos

167 1269 389 1342 cires,quondenr
400 1269 509 1342 integris
518 1269 608 1335 rebus,
620 1268 734 1324 multum
743 1267 881 1352 pqtuisset‚
893 1286 966 1324 sem-

167 1361 267 1416 perque
285 1351 374 1398 ructor
396 1359 526 1399 novorum
547 1342 718 1398 oonsiliorum
740 1359 867 1416 magnam
892 1342 966 1414 apud

168 1419 291 1475 barbaros
301 1419 478 1474 auctoritatem
487 1417 603 1483 haberet,
616 1417 744 1489 oppidum
754 1415 963 1483 Uxellodrmum‚

168 1493 241 1567 quod
249 1493 277 1549 in
285 1492 404 1550 clientela
413 1491 497 1548 iuerat
505 1492 572 1556 eius,
597 1490 966 1564 naturnlooiegregiemuni-

168 1578 234 1634 tum,
246 1575 356 1640 occupet
364 1567 421 1623 siris
430 1571 456 1622 et
464 1565 601 1638 Drappetis
610 1562 693 1637 copiis
701 1565 903 1638 oppidanosque
911 1565 965 1622 sibi

169 1643 266 1700 ooniun
288 1643 314 1696 ἰ.
876 1680 883 1692 ,

222 1661 348 1772 XXglllll.
368 1714 426 1782 Quo
436 1732 521 1787 quum
530 1711 839 1782 noniestimC.Geninius
848 1714 966 1770 venisset

168 1789 445 1861 animadverteretque,
451 1806 543 1844 omnes
552 1787 641 1860 oppidi
646 1794 733 1859 partes
737 1788 965 1860 praeruptissimis

168 1865 243 1944 sexiq
249 1881 307 1920 esse
318 1864 448 1929 munitos²
465 1880 528 1936 quo,
552 1861 706 1918 defendente
718 1861 802 1927 nullo,
818 1869 907 1918 tamen
923 1881 966 1918 er·

168 1939 245 1994 mutis
254 1936 411 1994 adscendere
419 1945 488 1992 esset
498 1936 620 2005 diiiicile;
641 1953 738 2010 magna
750 1942 838 1990 autem
851 1936 966 2009 impedi-

168 2018 255 2068 mento
269 2009 462 2082 oppidanorum
475 2011 583 2077 videret,
604 2027 673 2084 quae
686 2011 710 2066 si
723 2009 888 2066 clandestina
901 2011 966 2085 iuga

167 2085 321 2140 subtrahere
329 2089 493 2149 donarentur,
514 2085 628 2158 effugere
643 2102 697 2141 non
710 2084 789 2139 modo
803 2085 964 2156 equitatum,

168 2157 216 2214 sed
225 2175 258 2214 ne
274 2156 390 2230 legiones
405 2157 515 2230 quidem
529 2165 648 2230 possent:
669 2158 798 2230 tripertito
811 2159 966 2216 cohortibus

110 2265 113 2274 -
167 2231 270 2298 divisis,
291 2231 360 2288 trina
373 2232 553 2292 excelsissimo
570 2233 627 2288 loeo
644 2240 728 2288 cestre
745 2232 813 2294 iecit.
834 2235 967 2306 equibus

152 2349 154 2353 .
168 2306 315 2380 paullatim,
331 2314 463 2380 quantum
472 2308 561 2380 copiae
569 2307 744 2381 patiebantur,
764 2306 868 2364 vallum
879 2309 908 2366 in
918 2325 968 2382 op-

167 2381 223 2453 pidi
233 2381 372 2438 cimuitum
381 2381 476 2438 ducere
485 2383 608 2438 instituit.

221 2456 345 2513 XXXIV.
366 2455 442 2523 Quod
451 2474 537 2528 quum
546 2456 666 2511 animum
682 2454 846 2510 adverterent
855 2456 968 2529 oppida-

168 2527 210 2592 ni,
238 2530 439 2602 miserrimaque
458 2529 561 2584 Alesiae
579 2529 706 2585 memoria
725 2528 830 2584 solliciti
850 2530 968 2585 similem

166 2616 258 2656 cesum
267 2603 427 2658 obsessionis
437 2611 597 2671 vererentur;
619 2604 969 2677 mexinrequeoxomuibus
