<?xml version="1.0" encoding="UTF-8"?>
<!DOCTYPE html PUBLIC "-//W3C//DTD XHTML 1.0 Transitional//EN"
    "http://www.w3.org/TR/xhtml1/DTD/xhtml1-transitional.dtd">
<html xmlns="http://www.w3.org/1999/xhtml" xml:lang="en" lang="en">
 <head>
  <title>
</title>
<meta http-equiv="Content-Type" content="text/html;charset=utf-8" />
  <meta name='ocr-system' content='tesseract 3.04.00' />
  <meta name='ocr-capabilities' content='ocr_page ocr_carea ocr_par ocr_line ocrx_word'/>
</head>
<body>
  <div class='ocr_page' id='page_1' title='image "./ciuliicaesarisc04caesgoog_0405.png"; bbox 0 0 2042 3004; ppageno 0'>
   <div class='ocr_carea' id='block_1_1' title="bbox 186 157 785 220">
    <p class='ocr_par' dir='ltr' id='par_1_1' title="bbox 186 157 785 220">
     <span class='ocr_line' id='line_1_1' title="bbox 186 157 785 220; baseline -0.007 -1"><span class='ocrx_word' id='word_1_1' title='bbox 186 157 243 220; x_wconf 75' lang='lat' dir='ltr'><strong>tos</strong></span> <span class='ocrx_word' id='word_1_2' title='bbox 385 169 418 217; x_wconf 78' lang='lat' dir='ltr'><strong>s.</strong></span> <span class='ocrx_word' id='word_1_3' title='bbox 438 169 569 216; x_wconf 78' lang='lat' dir='ltr'><strong>naum</strong></span> <span class='ocrx_word' id='word_1_4' title='bbox 585 169 635 216; x_wconf 82' lang='lat' dir='ltr'><strong>nn</strong></span> <span class='ocrx_word' id='word_1_5' title='bbox 656 169 785 216; x_wconf 78' lang='lat' dir='ltr'><strong>nunno</strong></span> 
     </span>
    </p>
   </div>
   <div class='ocr_carea' id='block_1_2' title="bbox 167 267 1012 2732">
    <p class='ocr_par' dir='ltr' id='par_1_2' title="bbox 184 267 991 1386">
     <span class='ocr_line' id='line_1_2' title="bbox 193 267 984 341; baseline 0 -17"><span class='ocrx_word' id='word_1_6' title='bbox 193 267 331 334; x_wconf 76' lang='lat' dir='ltr'><strong>aoeidisse,</strong></span> <span class='ocrx_word' id='word_1_7' title='bbox 344 284 402 324; x_wconf 82' lang='lat' dir='ltr'><strong>rex.</strong></span> <span class='ocrx_word' id='word_1_8' title='bbox 429 269 468 322; x_wconf 88' lang='lat' dir='ltr'><strong>lta</strong></span> <span class='ocrx_word' id='word_1_9' title='bbox 485 285 568 340; x_wconf 88' lang='lat' dir='ltr'><strong>paene</strong></span> <span class='ocrx_word' id='word_1_10' title='bbox 581 268 633 322; x_wconf 89' lang='lat' dir='ltr'><strong>sub</strong></span> <span class='ocrx_word' id='word_1_11' title='bbox 645 268 716 322; x_wconf 90' lang='lat' dir='ltr'><strong>idem</strong></span> <span class='ocrx_word' id='word_1_12' title='bbox 731 276 842 341; x_wconf 89' lang='lat' dir='ltr'><strong>tempus</strong></span> <span class='ocrx_word' id='word_1_13' title='bbox 855 277 883 324; x_wconf 88' lang='lat' dir='ltr'><strong>et</strong></span> <span class='ocrx_word' id='word_1_14' title='bbox 903 268 984 326; x_wconf 77' lang='lat' dir='ltr'><strong>rexed</strong></span> 
     </span>
     <span class='ocr_line' id='line_1_3' title="bbox 193 342 984 416; baseline 0 -18"><span class='ocrx_word' id='word_1_15' title='bbox 193 343 398 416; x_wconf 88' lang='lat' dir='ltr'><strong>opprimendum</strong></span> <span class='ocrx_word' id='word_1_16' title='bbox 412 343 580 398; x_wconf 76' lang='lat' dir='ltr'><strong>Mithridaten</strong></span> <span class='ocrx_word' id='word_1_17' title='bbox 595 342 781 414; x_wconf 80' lang='lat' dir='ltr'><strong>proficiscitur,</strong></span> <span class='ocrx_word' id='word_1_18' title='bbox 802 352 830 399; x_wconf 86' lang='lat' dir='ltr'><strong>et</strong></span> <span class='ocrx_word' id='word_1_19' title='bbox 848 345 945 400; x_wconf 78' lang='lat' dir='ltr'><strong>Caesar</strong></span> <span class='ocrx_word' id='word_1_20' title='bbox 960 345 984 398; x_wconf 87' lang='lat' dir='ltr'><strong>ad</strong></span> 
     </span>
     <span class='ocr_line' id='line_1_4' title="bbox 184 415 984 492; baseline -0.005 -18"><span class='ocrx_word' id='word_1_21' title='bbox 184 418 385 490; x_wconf 77' lang='lat' dir='ltr'><strong>recipiendum.</strong></span> <span class='ocrx_word' id='word_1_22' title='bbox 397 417 523 472; x_wconf 86' lang='lat' dir='ltr'><strong>Celeriore</strong></span> <span class='ocrx_word' id='word_1_23' title='bbox 532 415 651 472; x_wconf 88' lang='lat' dir='ltr'><strong>fluminis</strong></span> <span class='ocrx_word' id='word_1_24' title='bbox 656 417 710 472; x_wconf 88' lang='lat' dir='ltr'><strong>Nili</strong></span> <span class='ocrx_word' id='word_1_25' title='bbox 721 419 896 492; x_wconf 83' lang='lat' dir='ltr'><strong>navigatione</strong></span> <span class='ocrx_word' id='word_1_26' title='bbox 906 439 948 475; x_wconf 85' lang='lat' dir='ltr'><strong>rex</strong></span> <span class='ocrx_word' id='word_1_27' title='bbox 956 428 984 473; x_wconf 82' lang='lat' dir='ltr'><strong>est</strong></span> 
     </span>
     <span class='ocr_line' id='line_1_5' title="bbox 193 492 984 565; baseline -0.004 -17"><span class='ocrx_word' id='word_1_28' title='bbox 193 511 270 559; x_wconf 87' lang='lat' dir='ltr'><strong>usus,</strong></span> <span class='ocrx_word' id='word_1_29' title='bbox 293 494 321 548; x_wconf 91' lang='lat' dir='ltr'><strong>in</strong></span> <span class='ocrx_word' id='word_1_30' title='bbox 341 509 395 565; x_wconf 89' lang='lat' dir='ltr'><strong>quo</strong></span> <span class='ocrx_word' id='word_1_31' title='bbox 413 509 538 565; x_wconf 75' lang='lat' dir='ltr'><strong>magnam</strong></span> <span class='ocrx_word' id='word_1_32' title='bbox 556 499 582 546; x_wconf 93' lang='lat' dir='ltr'><strong>et</strong></span> <span class='ocrx_word' id='word_1_33' title='bbox 601 499 719 564; x_wconf 86' lang='lat' dir='ltr'><strong>paratam</strong></span> <span class='ocrx_word' id='word_1_34' title='bbox 736 492 854 548; x_wconf 78' lang='lat' dir='ltr'><strong>classem</strong></span> <span class='ocrx_word' id='word_1_35' title='bbox 874 495 984 550; x_wconf 85' lang='lat' dir='ltr'><strong>babebat.</strong></span> 
     </span>
     <span class='ocr_line' id='line_1_6' title="bbox 195 564 985 631; baseline -0.005 -6"><span class='ocrx_word' id='word_1_36' title='bbox 195 568 290 625; x_wconf 89' lang='lat' dir='ltr'><strong>Caesar</strong></span> <span class='ocrx_word' id='word_1_37' title='bbox 298 567 390 624; x_wconf 86' lang='lat' dir='ltr'><strong>eodem</strong></span> <span class='ocrx_word' id='word_1_38' title='bbox 403 567 494 622; x_wconf 85' lang='lat' dir='ltr'><strong>itinere</strong></span> <span class='ocrx_word' id='word_1_39' title='bbox 503 567 542 621; x_wconf 91' lang='lat' dir='ltr'><strong>uti</strong></span> <span class='ocrx_word' id='word_1_40' title='bbox 551 564 644 631; x_wconf 88' lang='lat' dir='ltr'><strong>noluit,</strong></span> <span class='ocrx_word' id='word_1_41' title='bbox 668 584 701 622; x_wconf 90' lang='lat' dir='ltr'><strong>ne</strong></span> <span class='ocrx_word' id='word_1_42' title='bbox 714 569 835 624; x_wconf 74' lang='lat' dir='ltr'><strong>neribus</strong></span> <span class='ocrx_word' id='word_1_43' title='bbox 848 569 985 624; x_wconf 86' lang='lat' dir='ltr'><strong>influmine</strong></span> 
     </span>
     <span class='ocr_line' id='line_1_7' title="bbox 194 641 986 715; baseline -0.001 -17"><span class='ocrx_word' id='word_1_44' title='bbox 194 643 343 698; x_wconf 78' lang='lat' dir='ltr'>dimicaret:</span> <span class='ocrx_word' id='word_1_45' title='bbox 374 641 421 696; x_wconf 90' lang='lat' dir='ltr'><strong>sed</strong></span> <span class='ocrx_word' id='word_1_46' title='bbox 441 642 631 696; x_wconf 84' lang='lat' dir='ltr'><strong>circumventus</strong></span> <span class='ocrx_word' id='word_1_47' title='bbox 649 658 680 695; x_wconf 90' lang='lat' dir='ltr'><strong>eo</strong></span> <span class='ocrx_word' id='word_1_48' title='bbox 697 642 775 708; x_wconf 89' lang='lat' dir='ltr'><strong>mari,</strong></span> <span class='ocrx_word' id='word_1_49' title='bbox 798 644 877 715; x_wconf 91' lang='lat' dir='ltr'><strong>quod</strong></span> <span class='ocrx_word' id='word_1_50' title='bbox 898 644 986 700; x_wconf 78' lang='lat' dir='ltr'><strong>Africae</strong></span> 
     </span>
     <span class='ocr_line' id='line_1_8' title="bbox 194 715 985 792; baseline 0 -20"><span class='ocrx_word' id='word_1_51' title='bbox 194 719 276 790; x_wconf 86' lang='lat' dir='ltr'><strong>partis</strong></span> <span class='ocrx_word' id='word_1_52' title='bbox 288 715 459 782; x_wconf 85' lang='lat' dir='ltr'><strong>essedioitur,</strong></span> <span class='ocrx_word' id='word_1_53' title='bbox 474 716 552 770; x_wconf 77' lang='lat' dir='ltr'><strong>sicuti</strong></span> <span class='ocrx_word' id='word_1_54' title='bbox 561 733 640 788; x_wconf 88' lang='lat' dir='ltr'><strong>supra</strong></span> <span class='ocrx_word' id='word_1_55' title='bbox 649 716 909 786; x_wconf 83' lang='lat' dir='ltr'><strong>demonstravimus,</strong></span> <span class='ocrx_word' id='word_1_56' title='bbox 924 721 985 792; x_wconf 89' lang='lat' dir='ltr'><strong>prius</strong></span> 
     </span>
     <span class='ocr_line' id='line_1_9' title="bbox 195 790 987 868; baseline 0.001 -20"><span class='ocrx_word' id='word_1_57' title='bbox 195 801 282 848; x_wconf 65' lang='lat' dir='ltr'><strong>umen</strong></span> <span class='ocrx_word' id='word_1_58' title='bbox 291 791 361 865; x_wconf 82' lang='lat' dir='ltr'><strong>regis</strong></span> <span class='ocrx_word' id='word_1_59' title='bbox 370 790 451 862; x_wconf 89' lang='lat' dir='ltr'><strong>oopiis</strong></span> <span class='ocrx_word' id='word_1_60' title='bbox 461 791 581 856; x_wconf 82' lang='lat' dir='ltr'><strong>oecurrit,</strong></span> <span class='ocrx_word' id='word_1_61' title='bbox 592 807 674 863; x_wconf 89' lang='lat' dir='ltr'><strong>quam</strong></span> <span class='ocrx_word' id='word_1_62' title='bbox 683 791 707 845; x_wconf 90' lang='lat' dir='ltr'><strong>is</strong></span> <span class='ocrx_word' id='word_1_63' title='bbox 719 791 897 849; x_wconf 77' lang='lat' dir='ltr'><strong>Mithridaten</strong></span> <span class='ocrx_word' id='word_1_64' title='bbox 907 795 987 868; x_wconf 76' lang='lat' dir='ltr'><strong>adgre</strong></span> 
     </span>
     <span class='ocr_line' id='line_1_10' title="bbox 194 865 987 952; baseline -0.003 -30"><span class='ocrx_word' id='word_1_65' title='bbox 194 869 222 922; x_wconf 93' lang='lat' dir='ltr'><strong>di</strong></span> <span class='ocrx_word' id='word_1_66' title='bbox 243 875 339 938; x_wconf 87' lang='lat' dir='ltr'><strong>posset,</strong></span> <span class='ocrx_word' id='word_1_67' title='bbox 360 881 476 937; x_wconf 88' lang='lat' dir='ltr'><strong>eumque</strong></span> <span class='ocrx_word' id='word_1_68' title='bbox 493 865 528 921; x_wconf 92' lang='lat' dir='ltr'><strong>ad</strong></span> <span class='ocrx_word' id='word_1_69' title='bbox 544 883 573 920; x_wconf 90' lang='lat' dir='ltr'><strong>se</strong></span> <span class='ocrx_word' id='word_1_70' title='bbox 587 865 712 952; x_wconf 61' lang='lat' dir='ltr'><strong>victorem</strong></span> <span class='ocrx_word' id='word_1_71' title='bbox 728 865 862 922; x_wconf 88' lang='lat' dir='ltr'><strong>ineolumi</strong></span> <span class='ocrx_word' id='word_1_72' title='bbox 882 870 987 924; x_wconf 81' lang='lat' dir='ltr'><strong>exercitu</strong></span> 
     </span>
     <span class='ocr_line' id='line_1_11' title="bbox 194 938 986 1012; baseline 0 -16"><span class='ocrx_word' id='word_1_73' title='bbox 194 942 301 1012; x_wconf 84' lang='lat' dir='ltr'><strong>reoepit.</strong></span> <span class='ocrx_word' id='word_1_74' title='bbox 321 938 477 995; x_wconf 79' lang='lat' dir='ltr'><strong>consederat</strong></span> <span class='ocrx_word' id='word_1_75' title='bbox 486 957 549 995; x_wconf 83' lang='lat' dir='ltr'><strong>enm</strong></span> <span class='ocrx_word' id='word_1_76' title='bbox 558 939 641 1012; x_wconf 80' lang='lat' dir='ltr'><strong>oopiis</strong></span> <span class='ocrx_word' id='word_1_77' title='bbox 648 957 695 994; x_wconf 84' lang='lat' dir='ltr'><strong>rex</strong></span> <span class='ocrx_word' id='word_1_78' title='bbox 706 939 762 994; x_wconf 87' lang='lat' dir='ltr'><strong>loeo</strong></span> <span class='ocrx_word' id='word_1_79' title='bbox 773 949 872 999; x_wconf 89' lang='lat' dir='ltr'><strong>natura</strong></span> <span class='ocrx_word' id='word_1_80' title='bbox 882 943 986 1005; x_wconf 82' lang='lat' dir='ltr'><strong>munito¹</strong></span> 
     </span>
     <span class='ocr_line' id='line_1_12' title="bbox 195 1014 989 1090; baseline 0.001 -21"><span class='ocrx_word' id='word_1_81' title='bbox 195 1014 330 1087; x_wconf 87' lang='lat' dir='ltr'><strong>quoderat</strong></span> <span class='ocrx_word' id='word_1_82' title='bbox 339 1014 396 1085; x_wconf 83' lang='lat' dir='ltr'><strong>ipse</strong></span> <span class='ocrx_word' id='word_1_83' title='bbox 404 1014 539 1081; x_wconf 73' lang='lat' dir='ltr'><strong>excelsior,</strong></span> <span class='ocrx_word' id='word_1_84' title='bbox 563 1014 671 1086; x_wconf 80' lang='lat' dir='ltr'><strong>planitie</strong></span> <span class='ocrx_word' id='word_1_85' title='bbox 684 1031 718 1069; x_wconf 85' lang='lat' dir='ltr'><strong>ex</strong></span> <span class='ocrx_word' id='word_1_86' title='bbox 731 1016 864 1072; x_wconf 89' lang='lat' dir='ltr'><strong>omnibus</strong></span> <span class='ocrx_word' id='word_1_87' title='bbox 877 1019 989 1090; x_wconf 89' lang='lat' dir='ltr'><strong>partibus</strong></span> 
     </span>
     <span class='ocr_line' id='line_1_13' title="bbox 195 1088 990 1163; baseline 0.001 -19"><span class='ocrx_word' id='word_1_88' title='bbox 195 1089 321 1155; x_wconf 82' lang='lat' dir='ltr'><strong>subiecta,</strong></span> <span class='ocrx_word' id='word_1_89' title='bbox 331 1088 417 1144; x_wconf 83' lang='lat' dir='ltr'><strong>tribus</strong></span> <span class='ocrx_word' id='word_1_90' title='bbox 429 1097 517 1144; x_wconf 88' lang='lat' dir='ltr'><strong>autem</strong></span> <span class='ocrx_word' id='word_1_91' title='bbox 527 1105 561 1144; x_wconf 87' lang='lat' dir='ltr'><strong>ex</strong></span> <span class='ocrx_word' id='word_1_92' title='bbox 570 1088 694 1144; x_wconf 79' lang='lat' dir='ltr'><strong>lateribus</strong></span> <span class='ocrx_word' id='word_1_93' title='bbox 702 1089 786 1144; x_wconf 79' lang='lat' dir='ltr'><strong>variis</strong></span> <span class='ocrx_word' id='word_1_94' title='bbox 795 1107 899 1163; x_wconf 79' lang='lat' dir='ltr'><strong>genere</strong></span> <span class='ocrx_word' id='word_1_95' title='bbox 909 1093 990 1148; x_wconf 80' lang='lat' dir='ltr'><strong>muni</strong></span> 
     </span>
     <span class='ocr_line' id='line_1_14' title="bbox 195 1163 990 1237; baseline 0.001 -19"><span class='ocrx_word' id='word_1_96' title='bbox 195 1163 313 1220; x_wconf 79' lang='lat' dir='ltr'><strong>tionibus</strong></span> <span class='ocrx_word' id='word_1_97' title='bbox 326 1164 468 1237; x_wconf 81' lang='lat' dir='ltr'><strong>tegebatur.</strong></span> <span class='ocrx_word' id='word_1_98' title='bbox 489 1164 577 1219; x_wconf 87' lang='lat' dir='ltr'><strong>Unum</strong></span> <span class='ocrx_word' id='word_1_99' title='bbox 590 1163 660 1218; x_wconf 90' lang='lat' dir='ltr'><strong>latus</strong></span> <span class='ocrx_word' id='word_1_100' title='bbox 673 1171 728 1218; x_wconf 81' lang='lat' dir='ltr'><strong>eret</strong></span> <span class='ocrx_word' id='word_1_101' title='bbox 741 1163 878 1220; x_wconf 86' lang='lat' dir='ltr'><strong>adiectum</strong></span> <span class='ocrx_word' id='word_1_102' title='bbox 893 1166 990 1222; x_wconf 86' lang='lat' dir='ltr'><strong>llumini</strong></span> 
     </span>
     <span class='ocr_line' id='line_1_15' title="bbox 195 1237 991 1312; baseline 0.001 -17"><span class='ocrx_word' id='word_1_103' title='bbox 195 1238 271 1296; x_wconf 85' lang='lat' dir='ltr'><strong>Nilo.-</strong></span> <span class='ocrx_word' id='word_1_104' title='bbox 290 1238 403 1294; x_wconf 87' lang='lat' dir='ltr'><strong>alterum</strong></span> <span class='ocrx_word' id='word_1_105' title='bbox 420 1238 566 1294; x_wconf 87' lang='lat' dir='ltr'><strong>editissimo</strong></span> <span class='ocrx_word' id='word_1_106' title='bbox 583 1237 640 1294; x_wconf 85' lang='lat' dir='ltr'><strong>looo</strong></span> <span class='ocrx_word' id='word_1_107' title='bbox 655 1238 775 1304; x_wconf 70' lang='lat' dir='ltr'><strong>dudum,</strong></span> <span class='ocrx_word' id='word_1_108' title='bbox 791 1247 823 1294; x_wconf 91' lang='lat' dir='ltr'><strong>ut</strong></span> <span class='ocrx_word' id='word_1_109' title='bbox 837 1250 943 1312; x_wconf 81' lang='lat' dir='ltr'><strong>partem</strong></span> <span class='ocrx_word' id='word_1_110' title='bbox 955 1259 991 1296; x_wconf 87' lang='lat' dir='ltr'><strong>oa·</strong></span> 
     </span>
     <span class='ocr_line' id='line_1_16' title="bbox 196 1311 875 1386; baseline 0.001 -16"><span class='ocrx_word' id='word_1_111' title='bbox 196 1322 310 1370; x_wconf 88' lang='lat' dir='ltr'><strong>strorum</strong></span> <span class='ocrx_word' id='word_1_112' title='bbox 322 1313 463 1382; x_wconf 89' lang='lat' dir='ltr'><strong>obtineret;</strong></span> <span class='ocrx_word' id='word_1_113' title='bbox 482 1314 588 1369; x_wconf 86' lang='lat' dir='ltr'><strong>tertium</strong></span> <span class='ocrx_word' id='word_1_114' title='bbox 597 1311 694 1384; x_wconf 90' lang='lat' dir='ltr'><strong>palude</strong></span> <span class='ocrx_word' id='word_1_115' title='bbox 704 1313 875 1386; x_wconf 78' lang='lat' dir='ltr'><strong>cingebatur.</strong></span> 
     </span>
    </p>

    <p class='ocr_par' dir='ltr' id='par_1_3' title="bbox 193 1387 1012 1985">
     <span class='ocr_line' id='line_1_17' title="bbox 251 1387 990 1462; baseline 0 -18"><span class='ocrx_word' id='word_1_116' title='bbox 251 1389 354 1444; x_wconf 87' lang='lat' dir='ltr'>XXIX.</span> <span class='ocrx_word' id='word_1_117' title='bbox 375 1390 445 1444; x_wconf 90' lang='lat' dir='ltr'><strong>luter</strong></span> <span class='ocrx_word' id='word_1_118' title='bbox 460 1397 543 1443; x_wconf 83' lang='lat' dir='ltr'><strong>eastra</strong></span> <span class='ocrx_word' id='word_1_119' title='bbox 562 1388 633 1462; x_wconf 82' lang='lat' dir='ltr'><strong>regis</strong></span> <span class='ocrx_word' id='word_1_120' title='bbox 651 1394 677 1442; x_wconf 88' lang='lat' dir='ltr'><strong>et</strong></span> <span class='ocrx_word' id='word_1_121' title='bbox 695 1387 816 1443; x_wconf 85' lang='lat' dir='ltr'><strong>Caesaris</strong></span> <span class='ocrx_word' id='word_1_122' title='bbox 830 1391 884 1446; x_wconf 87' lang='lat' dir='ltr'><strong>iter</strong></span> <span class='ocrx_word' id='word_1_123' title='bbox 899 1389 990 1446; x_wconf 84' lang='lat' dir='ltr'><strong>flumen</strong></span> 
     </span>
     <span class='ocr_line' id='line_1_18' title="bbox 197 1461 988 1538; baseline -0.001 -16"><span class='ocrx_word' id='word_1_124' title='bbox 197 1463 370 1522; x_wconf 84' lang='lat' dir='ltr'><strong>interoedebnt</strong></span> <span class='ocrx_word' id='word_1_125' title='bbox 379 1470 532 1538; x_wconf 78' lang='lat' dir='ltr'><strong>angustum,</strong></span> <span class='ocrx_word' id='word_1_126' title='bbox 546 1461 681 1518; x_wconf 84' lang='lat' dir='ltr'><strong>altissimis</strong></span> <span class='ocrx_word' id='word_1_127' title='bbox 691 1462 766 1534; x_wconf 79' lang='lat' dir='ltr'><strong>ripis,</strong></span> <span class='ocrx_word' id='word_1_128' title='bbox 778 1464 857 1536; x_wconf 88' lang='lat' dir='ltr'><strong>quod</strong></span> <span class='ocrx_word' id='word_1_129' title='bbox 866 1467 895 1522; x_wconf 88' lang='lat' dir='ltr'><strong>in</strong></span> <span class='ocrx_word' id='word_1_130' title='bbox 907 1466 988 1520; x_wconf 85' lang='lat' dir='ltr'><strong>Nilum</strong></span> 
     </span>
     <span class='ocr_line' id='line_1_19' title="bbox 197 1513 1012 1612; baseline -0.001 -16"><span class='ocrx_word' id='word_1_131' title='bbox 197 1539 336 1608; x_wconf 81' lang='lat' dir='ltr'><strong>influebat;</strong></span> <span class='ocrx_word' id='word_1_132' title='bbox 348 1539 436 1594; x_wconf 85' lang='lat' dir='ltr'><strong>aberat</strong></span> <span class='ocrx_word' id='word_1_133' title='bbox 444 1545 531 1594; x_wconf 84' lang='lat' dir='ltr'><strong>autem</strong></span> <span class='ocrx_word' id='word_1_134' title='bbox 540 1537 574 1592; x_wconf 89' lang='lat' dir='ltr'><strong>ab</strong></span> <span class='ocrx_word' id='word_1_135' title='bbox 584 1537 654 1612; x_wconf 76' lang='lat' dir='ltr'><strong>regis</strong></span> <span class='ocrx_word' id='word_1_136' title='bbox 663 1537 756 1592; x_wconf 73' lang='lat' dir='ltr'><strong>castus</strong></span> <span class='ocrx_word' id='word_1_137' title='bbox 767 1537 855 1594; x_wconf 87' lang='lat' dir='ltr'><strong>millia</strong></span> <span class='ocrx_word' id='word_1_138' title='bbox 865 1557 988 1612; x_wconf 85' lang='lat' dir='ltr'><strong>passuum</strong></span> <span class='ocrx_word' id='word_1_139' title='bbox 1010 1513 1012 1570; x_wconf 53' lang='lat' dir='ltr'><strong>l</strong></span> 
     </span>
     <span class='ocr_line' id='line_1_20' title="bbox 193 1612 989 1686; baseline -0.006 -14"><span class='ocrx_word' id='word_1_140' title='bbox 193 1617 297 1672; x_wconf 70' lang='lat' dir='ltr'><strong>circiter</strong></span> <span class='ocrx_word' id='word_1_141' title='bbox 309 1621 418 1686; x_wconf 81' lang='lat' dir='ltr'><strong>septem.</strong></span> <span class='ocrx_word' id='word_1_142' title='bbox 437 1614 494 1668; x_wconf 81' lang='lat' dir='ltr'><strong>llex</strong></span> <span class='ocrx_word' id='word_1_143' title='bbox 502 1629 587 1685; x_wconf 91' lang='lat' dir='ltr'><strong>quum</strong></span> <span class='ocrx_word' id='word_1_144' title='bbox 597 1612 647 1667; x_wconf 85' lang='lat' dir='ltr'><strong>boc</strong></span> <span class='ocrx_word' id='word_1_145' title='bbox 653 1612 747 1668; x_wconf 85' lang='lat' dir='ltr'><strong>itinere</strong></span> <span class='ocrx_word' id='word_1_146' title='bbox 756 1614 849 1669; x_wconf 83' lang='lat' dir='ltr'><strong>venire</strong></span> <span class='ocrx_word' id='word_1_147' title='bbox 859 1615 989 1671; x_wconf 82' lang='lat' dir='ltr'><strong>Caesarea</strong></span> 
     </span>
     <span class='ocr_line' id='line_1_21' title="bbox 196 1687 989 1762; baseline -0.003 -17"><span class='ocrx_word' id='word_1_148' title='bbox 196 1689 373 1762; x_wconf 84' lang='lat' dir='ltr'><strong>eomperisset,</strong></span> <span class='ocrx_word' id='word_1_149' title='bbox 394 1689 540 1760; x_wconf 87' lang='lat' dir='ltr'><strong>equitatum</strong></span> <span class='ocrx_word' id='word_1_150' title='bbox 553 1703 659 1742; x_wconf 89' lang='lat' dir='ltr'><strong>omnem</strong></span> <span class='ocrx_word' id='word_1_151' title='bbox 675 1687 869 1760; x_wconf 85' lang='lat' dir='ltr'><strong>expeditosque</strong></span> <span class='ocrx_word' id='word_1_152' title='bbox 885 1691 989 1746; x_wconf 83' lang='lat' dir='ltr'><strong>delectos</strong></span> 
     </span>
     <span class='ocr_line' id='line_1_22' title="bbox 198 1762 989 1838; baseline 0 -18"><span class='ocrx_word' id='word_1_153' title='bbox 198 1765 297 1837; x_wconf 88' lang='lat' dir='ltr'><strong>pedites</strong></span> <span class='ocrx_word' id='word_1_154' title='bbox 306 1765 341 1822; x_wconf 89' lang='lat' dir='ltr'><strong>ad</strong></span> <span class='ocrx_word' id='word_1_155' title='bbox 353 1763 382 1819; x_wconf 91' lang='lat' dir='ltr'><strong>id</strong></span> <span class='ocrx_word' id='word_1_156' title='bbox 393 1763 494 1819; x_wconf 83' lang='lat' dir='ltr'><strong>flumen</strong></span> <span class='ocrx_word' id='word_1_157' title='bbox 505 1762 587 1828; x_wconf 79' lang='lat' dir='ltr'><strong>misit,</strong></span> <span class='ocrx_word' id='word_1_158' title='bbox 601 1763 649 1836; x_wconf 92' lang='lat' dir='ltr'><strong>qui</strong></span> <span class='ocrx_word' id='word_1_159' title='bbox 663 1762 775 1817; x_wconf 88' lang='lat' dir='ltr'><strong>transitu</strong></span> <span class='ocrx_word' id='word_1_160' title='bbox 786 1763 930 1820; x_wconf 87' lang='lat' dir='ltr'><strong>Caesarem</strong></span> <span class='ocrx_word' id='word_1_161' title='bbox 939 1781 989 1838; x_wconf 77' lang='lat' dir='ltr'><strong>pru</strong></span> 
     </span>
     <span class='ocr_line' id='line_1_23' title="bbox 197 1835 987 1910; baseline -0.009 -13"><span class='ocrx_word' id='word_1_162' title='bbox 197 1841 318 1897; x_wconf 89' lang='lat' dir='ltr'><strong>biberent</strong></span> <span class='ocrx_word' id='word_1_163' title='bbox 336 1845 362 1895; x_wconf 90' lang='lat' dir='ltr'><strong>et</strong></span> <span class='ocrx_word' id='word_1_164' title='bbox 379 1839 483 1895; x_wconf 87' lang='lat' dir='ltr'><strong>eminus</strong></span> <span class='ocrx_word' id='word_1_165' title='bbox 500 1855 534 1893; x_wconf 87' lang='lat' dir='ltr'><strong>ex</strong></span> <span class='ocrx_word' id='word_1_166' title='bbox 552 1837 617 1909; x_wconf 88' lang='lat' dir='ltr'><strong>ripis</strong></span> <span class='ocrx_word' id='word_1_167' title='bbox 635 1835 764 1909; x_wconf 89' lang='lat' dir='ltr'><strong>proelium</strong></span> <span class='ocrx_word' id='word_1_168' title='bbox 785 1838 877 1910; x_wconf 86' lang='lat' dir='ltr'><strong>impar</strong></span> <span class='ocrx_word' id='word_1_169' title='bbox 886 1841 987 1896; x_wconf 79' lang='lat' dir='ltr'><strong>inirent</strong></span> 
     </span>
     <span class='ocr_line' id='line_1_24' title="bbox 199 1910 1012 1985; baseline -0.005 -15"><span class='ocrx_word' id='word_1_170' title='bbox 199 1914 306 1970; x_wconf 80' lang='lat' dir='ltr'><strong>bullum</strong></span> <span class='ocrx_word' id='word_1_171' title='bbox 316 1913 387 1968; x_wconf 88' lang='lat' dir='ltr'><strong>enim</strong></span> <span class='ocrx_word' id='word_1_172' title='bbox 397 1929 549 1985; x_wconf 87' lang='lat' dir='ltr'><strong>prooessum</strong></span> <span class='ocrx_word' id='word_1_173' title='bbox 558 1913 644 1970; x_wconf 78' lang='lat' dir='ltr'><strong>virtus</strong></span> <span class='ocrx_word' id='word_1_174' title='bbox 654 1910 776 1977; x_wconf 88' lang='lat' dir='ltr'><strong>babebat,</strong></span> <span class='ocrx_word' id='word_1_175' title='bbox 792 1920 838 1968; x_wconf 83' lang='lat' dir='ltr'><strong>aut</strong></span> <span class='ocrx_word' id='word_1_176' title='bbox 847 1915 990 1985; x_wconf 86' lang='lat' dir='ltr'><strong>perieulum</strong></span> <span class='ocrx_word' id='word_1_177' title='bbox 1011 1961 1012 1966; x_wconf 73' lang='grc'>,</span> 
     </span>
    </p>

    <p class='ocr_par' dir='ltr' id='par_1_4' title="bbox 167 1969 1012 2732">
     <span class='ocr_line' id='line_1_25' title="bbox 167 1969 1012 2062; baseline 0 -20"><span class='ocrx_word' id='word_1_178' title='bbox 167 1979 172 1988; x_wconf 68' lang='grc'><em>“</em></span> <span class='ocrx_word' id='word_1_179' title='bbox 194 1988 305 2060; x_wconf 80' lang='lat' dir='ltr'><strong>ignavis</strong></span> <span class='ocrx_word' id='word_1_180' title='bbox 314 1987 430 2044; x_wconf 86' lang='lat' dir='ltr'><strong>subibat.</strong></span> <span class='ocrx_word' id='word_1_181' title='bbox 450 1987 523 2055; x_wconf 84' lang='lat' dir='ltr'><strong>Quae</strong></span> <span class='ocrx_word' id='word_1_182' title='bbox 532 2005 575 2042; x_wconf 87' lang='lat' dir='ltr'><strong>res</strong></span> <span class='ocrx_word' id='word_1_183' title='bbox 584 1986 700 2042; x_wconf 87' lang='lat' dir='ltr'><strong>ineendit</strong></span> <span class='ocrx_word' id='word_1_184' title='bbox 708 1985 798 2042; x_wconf 88' lang='lat' dir='ltr'><strong>dolore</strong></span> <span class='ocrx_word' id='word_1_185' title='bbox 811 1989 916 2045; x_wconf 88' lang='lat' dir='ltr'><strong>milites</strong></span> <span class='ocrx_word' id='word_1_186' title='bbox 927 1990 991 2062; x_wconf 82' lang='lat' dir='ltr'><strong>equi·</strong></span> <span class='ocrx_word' id='word_1_187' title='bbox 1011 1969 1012 2054; x_wconf 70' lang='lat' dir='ltr'><strong>l</strong></span> 
     </span>
     <span class='ocr_line' id='line_1_26' title="bbox 199 2060 1012 2134; baseline 0.001 -18"><span class='ocrx_word' id='word_1_188' title='bbox 199 2071 291 2134; x_wconf 83' lang='lat' dir='ltr'><strong>tesque</strong></span> <span class='ocrx_word' id='word_1_189' title='bbox 306 2067 417 2127; x_wconf 79' lang='lat' dir='ltr'><strong>nostros,</strong></span> <span class='ocrx_word' id='word_1_190' title='bbox 432 2062 505 2134; x_wconf 91' lang='lat' dir='ltr'><strong>quod</strong></span> <span class='ocrx_word' id='word_1_191' title='bbox 514 2071 568 2117; x_wconf 90' lang='lat' dir='ltr'><strong>tam</strong></span> <span class='ocrx_word' id='word_1_192' title='bbox 577 2063 625 2117; x_wconf 93' lang='lat' dir='ltr'><strong>diu</strong></span> <span class='ocrx_word' id='word_1_193' title='bbox 635 2062 690 2134; x_wconf 85' lang='lat' dir='ltr'><strong>pari</strong></span> <span class='ocrx_word' id='word_1_194' title='bbox 701 2060 799 2132; x_wconf 88' lang='lat' dir='ltr'><strong>proelio</strong></span> <span class='ocrx_word' id='word_1_195' title='bbox 808 2079 874 2118; x_wconf 82' lang='lat' dir='ltr'><strong>eum</strong></span> <span class='ocrx_word' id='word_1_196' title='bbox 885 2065 991 2120; x_wconf 79' lang='lat' dir='ltr'><strong>Alexan·</strong></span> <span class='ocrx_word' id='word_1_197' title='bbox 1011 2091 1012 2132; x_wconf 55' lang='lat' dir='ltr'><strong>q</strong></span> 
     </span>
     <span class='ocr_line' id='line_1_27' title="bbox 199 2133 992 2210; baseline 0.003 -20"><span class='ocrx_word' id='word_1_198' title='bbox 199 2135 284 2190; x_wconf 90' lang='lat' dir='ltr'><strong>drinis</strong></span> <span class='ocrx_word' id='word_1_199' title='bbox 298 2142 445 2190; x_wconf 83' lang='lat' dir='ltr'><strong>uerteretur.</strong></span> <span class='ocrx_word' id='word_1_200' title='bbox 471 2133 561 2207; x_wconf 86' lang='lat' dir='ltr'><strong>ltaque</strong></span> <span class='ocrx_word' id='word_1_201' title='bbox 574 2137 665 2192; x_wconf 84' lang='lat' dir='ltr'><strong>eodem</strong></span> <span class='ocrx_word' id='word_1_202' title='bbox 680 2143 797 2208; x_wconf 86' lang='lat' dir='ltr'><strong>tempore</strong></span> <span class='ocrx_word' id='word_1_203' title='bbox 814 2139 922 2210; x_wconf 83' lang='lat' dir='ltr'><strong>equites</strong></span> <span class='ocrx_word' id='word_1_204' title='bbox 937 2140 992 2195; x_wconf 88' lang='lat' dir='ltr'><strong>Ger·</strong></span> 
     </span>
     <span class='ocr_line' id='line_1_28' title="bbox 199 2208 993 2284; baseline 0.001 -18"><span class='ocrx_word' id='word_1_205' title='bbox 199 2210 282 2275; x_wconf 87' lang='lat' dir='ltr'><strong>mani,</strong></span> <span class='ocrx_word' id='word_1_206' title='bbox 293 2208 405 2280; x_wconf 83' lang='lat' dir='ltr'><strong>dispersi</strong></span> <span class='ocrx_word' id='word_1_207' title='bbox 415 2209 481 2265; x_wconf 86' lang='lat' dir='ltr'><strong>vada</strong></span> <span class='ocrx_word' id='word_1_208' title='bbox 491 2210 610 2266; x_wconf 80' lang='lat' dir='ltr'><strong>fluminis</strong></span> <span class='ocrx_word' id='word_1_209' title='bbox 618 2219 780 2284; x_wconf 75' lang='lat' dir='ltr'><strong>quaerentes.</strong></span> <span class='ocrx_word' id='word_1_210' title='bbox 791 2213 894 2282; x_wconf 88' lang='lat' dir='ltr'><strong>partim</strong></span> <span class='ocrx_word' id='word_1_211' title='bbox 903 2213 993 2270; x_wconf 87' lang='lat' dir='ltr'><strong>demis·</strong></span> 
     </span>
     <span class='ocr_line' id='line_1_29' title="bbox 201 2283 993 2359; baseline 0 -17"><span class='ocrx_word' id='word_1_212' title='bbox 201 2284 316 2342; x_wconf 89' lang='lat' dir='ltr'><strong>sioribus</strong></span> <span class='ocrx_word' id='word_1_213' title='bbox 330 2284 395 2356; x_wconf 90' lang='lat' dir='ltr'><strong>ripis</strong></span> <span class='ocrx_word' id='word_1_214' title='bbox 408 2283 508 2340; x_wconf 87' lang='lat' dir='ltr'><strong>flumen</strong></span> <span class='ocrx_word' id='word_1_215' title='bbox 523 2292 706 2354; x_wconf 87' lang='lat' dir='ltr'><strong>transnarunt;</strong></span> <span class='ocrx_word' id='word_1_216' title='bbox 728 2292 753 2340; x_wconf 90' lang='lat' dir='ltr'><strong>et</strong></span> <span class='ocrx_word' id='word_1_217' title='bbox 771 2285 926 2359; x_wconf 79' lang='lat' dir='ltr'><strong>legionarii,</strong></span> <span class='ocrx_word' id='word_1_218' title='bbox 946 2305 993 2343; x_wconf 80' lang='lat' dir='ltr'><strong>ma</strong></span> 
     </span>
     <span class='ocr_line' id='line_1_30' title="bbox 200 2359 994 2435; baseline -0.003 -19"><span class='ocrx_word' id='word_1_219' title='bbox 200 2361 262 2435; x_wconf 85' lang='lat' dir='ltr'><strong>gnis</strong></span> <span class='ocrx_word' id='word_1_220' title='bbox 284 2359 423 2416; x_wconf 85' lang='lat' dir='ltr'><strong>arboribus</strong></span> <span class='ocrx_word' id='word_1_221' title='bbox 445 2359 554 2424; x_wconf 83' lang='lat' dir='ltr'><strong>excisis,</strong></span> <span class='ocrx_word' id='word_1_222' title='bbox 580 2377 649 2431; x_wconf 91' lang='lat' dir='ltr'><strong>quae</strong></span> <span class='ocrx_word' id='word_1_223' title='bbox 671 2359 836 2433; x_wconf 85' lang='lat' dir='ltr'><strong>longitudino</strong></span> <span class='ocrx_word' id='word_1_224' title='bbox 857 2371 994 2435; x_wconf 85' lang='lat' dir='ltr'><strong>utramque</strong></span> 
     </span>
     <span class='ocr_line' id='line_1_31' title="bbox 201 2434 994 2512; baseline 0 -22"><span class='ocrx_word' id='word_1_225' title='bbox 201 2437 287 2506; x_wconf 86' lang='lat' dir='ltr'><strong>ripam</strong></span> <span class='ocrx_word' id='word_1_226' title='bbox 307 2435 499 2509; x_wconf 76' lang='lat' dir='ltr'><strong>contingerent,</strong></span> <span class='ocrx_word' id='word_1_227' title='bbox 525 2434 660 2506; x_wconf 67' lang='lat' dir='ltr'><strong>prolenis,</strong></span> <span class='ocrx_word' id='word_1_228' title='bbox 694 2435 886 2508; x_wconf 84' lang='lat' dir='ltr'><strong>repentinoque</strong></span> <span class='ocrx_word' id='word_1_229' title='bbox 909 2453 994 2512; x_wconf 80' lang='lat' dir='ltr'><strong>aggere</strong></span> 
     </span>
     <span class='ocr_line' id='line_1_32' title="bbox 201 2507 995 2582; baseline 0.003 -19"><span class='ocrx_word' id='word_1_230' title='bbox 201 2510 309 2575; x_wconf 80' lang='lat' dir='ltr'><strong>iniecto,</strong></span> <span class='ocrx_word' id='word_1_231' title='bbox 330 2508 429 2568; x_wconf 85' lang='lat' dir='ltr'><strong>flumen</strong></span> <span class='ocrx_word' id='word_1_232' title='bbox 450 2510 619 2564; x_wconf 78' lang='lat' dir='ltr'><strong>transierunt.</strong></span> <span class='ocrx_word' id='word_1_233' title='bbox 650 2507 767 2575; x_wconf 86' lang='lat' dir='ltr'><strong>Quorum</strong></span> <span class='ocrx_word' id='word_1_234' title='bbox 787 2509 923 2582; x_wconf 87' lang='lat' dir='ltr'><strong>impetum</strong></span> <span class='ocrx_word' id='word_1_235' title='bbox 941 2513 995 2568; x_wconf 84' lang='lat' dir='ltr'><strong>adeo</strong></span> 
     </span>
     <span class='ocr_line' id='line_1_33' title="bbox 202 2581 995 2655; baseline 0.005 -19"><span class='ocrx_word' id='word_1_236' title='bbox 202 2584 394 2652; x_wconf 85' lang='lat' dir='ltr'><strong>pertimuerunt</strong></span> <span class='ocrx_word' id='word_1_237' title='bbox 407 2585 504 2646; x_wconf 82' lang='lat' dir='ltr'><strong>hostes,</strong></span> <span class='ocrx_word' id='word_1_238' title='bbox 524 2590 555 2638; x_wconf 90' lang='lat' dir='ltr'><strong>ut</strong></span> <span class='ocrx_word' id='word_1_239' title='bbox 572 2583 600 2636; x_wconf 92' lang='lat' dir='ltr'><strong>in</strong></span> <span class='ocrx_word' id='word_1_240' title='bbox 619 2581 681 2655; x_wconf 80' lang='lat' dir='ltr'><strong>lugu</strong></span> <span class='ocrx_word' id='word_1_241' title='bbox 696 2599 770 2654; x_wconf 82' lang='lat' dir='ltr'><strong>spent</strong></span> <span class='ocrx_word' id='word_1_242' title='bbox 784 2583 881 2638; x_wconf 87' lang='lat' dir='ltr'><strong>salutis</strong></span> <span class='ocrx_word' id='word_1_243' title='bbox 894 2587 995 2642; x_wconf 77' lang='lat' dir='ltr'><strong>oolloca</strong></span> 
     </span>
     <span class='ocr_line' id='line_1_34' title="bbox 202 2655 995 2732; baseline 0.008 -24"><span class='ocrx_word' id='word_1_244' title='bbox 202 2664 272 2713; x_wconf 86' lang='lat' dir='ltr'><strong>rent:</strong></span> <span class='ocrx_word' id='word_1_245' title='bbox 298 2659 345 2716; x_wconf 89' lang='lat' dir='ltr'><strong>sed</strong></span> <span class='ocrx_word' id='word_1_246' title='bbox 367 2657 396 2714; x_wconf 89' lang='lat' dir='ltr'><strong>id</strong></span> <span class='ocrx_word' id='word_1_247' title='bbox 414 2658 525 2730; x_wconf 84' lang='lat' dir='ltr'><strong>frustra;</strong></span> <span class='ocrx_word' id='word_1_248' title='bbox 550 2673 717 2730; x_wconf 86' lang='lat' dir='ltr'><strong>namqueex</strong></span> <span class='ocrx_word' id='word_1_249' title='bbox 738 2673 768 2712; x_wconf 90' lang='lat' dir='ltr'><strong>ea</strong></span> <span class='ocrx_word' id='word_1_250' title='bbox 787 2655 852 2732; x_wconf 84' lang='lat' dir='ltr'><strong>fuga</strong></span> <span class='ocrx_word' id='word_1_251' title='bbox 871 2663 954 2732; x_wconf 87' lang='lat' dir='ltr'><strong>pauci</strong></span> <span class='ocrx_word' id='word_1_252' title='bbox 971 2659 995 2716; x_wconf 89' lang='lat' dir='ltr'><strong>ad</strong></span> 
     </span>
    </p>
   </div>
   <div class='ocr_carea' id='block_1_3' title="bbox 0 0 1039 3004">
    <p class='ocr_par' dir='ltr' id='par_1_5' title="bbox 0 0 1039 3004">
     <span class='ocr_line' id='line_1_35' title="bbox 0 0 1039 3004; baseline 0 0"><span class='ocrx_word' id='word_1_253' title='bbox 0 0 1039 3004; x_wconf 95' lang='lat' dir='ltr'><strong> </strong></span> 
     </span>
    </p>
   </div>
  </div>
 </body>
</html>
