2042 3004
2 378 5 410 Ι

1 451 5 485 Ι

1 527 6 563 Ι

1 605 6 636 Ι

2 678 5 712 Ι

2 757 6 785 Ι

2 902 5 929 l

2 963 6 1013 i

2 1051 5 1086 Ι

1 1127 5 1162 Ι

2 1273 4 1308 Ι

2 1337 5 1380 Ι

219 157 520 224 ἈῑιΕΧΑΝΒΒΙΝΟ.
550 162 630 209 CAP.
642 163 685 211 21.
805 157 856 212 397

56 257 110 312 bus
124 254 325 330 egrediebantur
340 266 495 330 nostrosque
508 259 595 316 aerius
609 260 772 331 perturbatos
786 261 857 316 inse-

55 330 218 402 quebantur.
237 331 334 398 Simul,
347 333 395 404 qui
407 334 435 388 in
446 333 560 388 navibus
570 332 656 407 longis
666 342 853 400 remanserant,

55 403 141 459 scalas
160 421 252 476 rapere
270 422 404 478 naresque
423 425 438 460 a
452 414 519 463 terra
533 406 659 478 repellere
671 409 854 479 properabant,

55 495 91 534 ne
103 478 192 534 hostes
206 478 321 535 navibus
333 481 489 551 potirentur.
509 480 623 547 *Quibus
637 481 763 536 omnibus
776 482 856 538 rebus

54 552 202 624 perturbati
214 553 311 608 milites
320 555 403 610 nostri
411 555 559 611 oohortium
571 556 662 620 trium,
676 555 781 628 quaein
791 572 856 626 pon·

55 636 82 681 te
95 642 125 680 ae
135 627 222 697 prima
231 625 300 682 mole
309 631 487 694 constiterant,
502 646 589 702 quum
602 637 661 702 post
676 647 706 684 se
715 629 855 684 clamorem

56 701 224 764 exaudirent,
244 698 334 774 fugam
345 719 455 758 suorum
465 703 592 769 viderent,
616 721 742 777 magnam
754 703 808 759 vim
820 712 856 757 te·

57 775 147 828 lorum
157 773 438 842 adversisustinerent,
458 777 545 842 veriti,
566 795 599 832 ne
613 778 646 832 ah
657 786 732 851 tergo
742 777 857 832 cineum-

57 849 213 903 venirentur
225 855 250 902 et
259 848 376 906 discessu
392 851 502 906 navium
513 852 624 907 omnino
632 852 718 907 reditu
732 849 857 907 interclu-

57 922 191 986 derentur.
199 922 373 979 munitionem
383 925 411 980 in
421 933 527 996 pontem
537 926 683 981 institutam
693 924 857 997 reliquerunt

57 1003 82 1052 et
96 1012 195 1069 magno
207 1012 288 1052 eursu
302 996 402 1053 incitati
416 999 449 1054 ad
462 1015 543 1054 naves
557 1000 761 1054 contenderunt:
788 1015 857 1072 quo·

57 1087 120 1126 rum
130 1087 200 1142 pars,
208 1070 343 1142 proximas
353 1079 426 1127 nacta
436 1089 525 1137 naves,
538 1072 707 1128 multitudine
716 1073 857 1128 hominum
893 1118 897 1124 ,
934 1115 937 1122 ,

58 1153 139 1216 atque
152 1161 231 1200 onera
243 1143 366 1215 depressa
379 1152 432 1213 est;
452 1162 514 1216 pars
533 1146 657 1202 resistens
675 1155 701 1202 et
718 1147 854 1211 dubitans,

1 1201 5 1234 Ἰ
58 1218 127 1291 quid
139 1225 207 1274 esset
215 1217 374 1288 capiendum
382 1219 494 1283 oonsilii,
510 1219 544 1274 ab
554 1218 741 1276 Alexandrinis
751 1211 857 1276 interit>

57 1299 163 1362 otaest;
185 1291 308 1348 nonnulli
321 1290 434 1348 feliciore
442 1292 525 1358 exitu,
546 1293 681 1364 expeditas
690 1295 724 1348 ad
734 1311 857 1350 annornm

2 1423 3 1430 ,
58 1384 140 1423 naves
155 1366 297 1431 oonseauti,
319 1365 465 1422 ineolumes
478 1366 668 1435 discesserunt3
693 1369 771 1438 pauci
785 1367 857 1423 adle

2 1437 3 1454 ²
58 1440 112 1497 vati
132 1440 214 1496 sentis
231 1446 257 1495 et
271 1439 359 1496 animo
376 1440 411 1495 ad
425 1439 575 1496 oonandum
596 1440 663 1506 nisi,
684 1441 718 1496 ad
736 1441 857 1513 proxima

2 1571 3 1595 ζ
59 1515 167 1588 navigia
177 1513 344 1569 adnotarunt.
433 1515 438 1526 ’

114 1589 191 1643 XXI.
210 1587 319 1652 Caesar,
341 1585 428 1659 quoad
446 1587 545 1658 potuit,
564 1586 724 1642 eohortando
742 1603 806 1642 suos
824 1587 859 1644 ad

58 1669 167 1734 purtem
178 1677 212 1714 ¹ao
228 1661 388 1716 munitiones
401 1661 564 1727 contendere,
585 1661 677 1716 eodem
695 1660 723 1716 in
741 1661 858 1734 periculo

60 1742 181 1792 versatus
191 1741 237 1788 est.
256 1735 401 1806 Postquam
410 1736 548 1792 universos
561 1735 651 1790 oedare
663 1734 855 1801 animadvertit,

59 1812 89 1865 in
99 1825 182 1864 suum
193 1807 331 1882 navigium
341 1809 480 1880 sereoepit.
501 1810 559 1877 Quo
567 1809 709 1865 multitudo
718 1809 856 1865 hominum

60 1886 179 1940 insecuta
189 1899 275 1953 quum
285 1881 449 1954 irrumperet,
465 1891 490 1938 et
500 1901 589 1956 neque
598 1883 800 1940 administrandi
812 1902 858 1940 ne·

59 1975 113 2032 que
132 1955 274 2029 repellendi
296 1964 397 2014 atarra
415 1956 523 2012 facultas
542 1957 661 2027 daretur3
693 1957 761 2024 iore,
786 1960 858 2030 quod

60 2032 162 2098 accidit,
174 2031 334 2104 suspicatus,
347 2049 405 2086 sese
416 2049 450 2087 ex
460 2032 565 2106 navigio
575 2033 649 2087 eiecit
662 2040 741 2106 atque
753 2033 786 2088 ad
800 2051 854 2100 eas,

60 2125 129 2180 quaa
142 2106 247 2162 lonoius
261 2106 437 2173 constiterant,
460 2123 541 2162 naves
554 2106 695 2164 adnatarit.
723 2108 790 2162 Hine
799 2110 857 2163 suis

60 2149 241 2236 laborantilrus
250 2180 372 2236 subsidio
385 2179 497 2252 scaphas
510 2182 626 2247 mittans,
643 2180 785 2238 nonnullos
795 2199 859 2238 con-

61 2254 189 2321 servarit;
210 2254 348 2328 navigium
360 2255 471 2327 quidem
484 2254 552 2321 eius,
567 2255 738 2312 multitudine
751 2255 857 2326 depres-

61 2345 123 2385 sum
134 2327 259 2392 militum,
272 2346 395 2384 unacum
405 2329 559 2385 hominibus
569 2330 676 2385 interiit.
697 2329 751 2383 Hoe
759 2329 859 2398 proelio

60 2401 200 2460 desiderati
212 2408 275 2457 sunt
290 2419 323 2457 ax
334 2419 445 2458 numero
459 2403 663 2476 legionariorum
677 2402 792 2456 militum
807 2404 859 2456 cir-

60 2479 125 2535 citer
138 2474 324 2548 quadringenti
337 2484 361 2531 et
375 2476 464 2548 paullo
477 2477 546 2532 ultra
559 2494 621 2532 eum
633 2493 776 2532 numerum
790 2475 858 2532 olas-

60 2553 134 2609 siarii
143 2557 168 2606 et
178 2546 301 2622 remiges.
321 2549 491 2606 Alexandrini
502 2568 533 2606 eo
543 2550 598 2608 loeo
607 2549 744 2605 castellum
753 2551 858 2623 magnis

61 2623 256 2684 munitionibus
270 2621 415 2698 multisque
428 2625 565 2684 tormentis
582 2624 806 2682 confirmaverunt
820 2631 858 2679 at·
