2042 3004
186 168 477 217 Aumxnuumuo
507 173 583 220 GAP.
602 174 689 220 4-6.
785 171 837 222 887

33 279 125 325 turem
143 285 178 322 erc
189 285 269 338 raquo
283 273 461 337 prostremam:
482 275 559 340 idque
575 276 702 340 egendum
721 284 835 331 matare.-

1 382 2 416 ,
31 359 147 411 numque
164 359 230 405 eum,
253 346 421 397 iratercluaum
443 349 633 412 tempestatibus
648 357 755 414 propter·
772 353 837 403 cuni

32 428 144 486 ternpus,
155 421 269 484 recipere
279 421 457 472 transmarina
466 422 572 472 auxilia
582 437 634 473 non
640 437 722 486 posse.

1 545 3 566 ι
91 491 135 546 iV.
157 490 262 544 Interim
274 489 718 556 dissensioneortainterdebillam
732 494 837 564 quive-

31 574 126 620 tersno
138 564 265 618 exercitui
279 572 403 634 praeerat,
424 564 597 630 etdrsinaen,
617 567 686 638 ragis
696 567 835 622 Ptolemaei

31 639 167 695 minorem
176 637 392 708 filiammtsupn
400 638 607 694 demonstratum
617 648 836 711 est,quumuter-

29 729 89 784 que
108 711 215 781 utrique
233 711 399 767 insidiaretur
412 721 437 766 et
451 731 583 768 summam
599 715 702 784 imperii
718 715 774 786 ipse
787 716 836 768 ob-

1 829 3 866 ,
30 789 121 842 tinere
129 783 216 849 vallet,
225 787 508 857 praeoccuputdrsinoa
517 787 738 862 perGanymeden
749 805 835 844 eunu-

29 862 130 924 chum,
146 859 388 922 nutriciumsuurn,
408 861 617 933 atquaAehillan
630 863 761 918 interficit.
782 864 836 916 Hoc

29 934 133 997 occiso,
151 933 208 1004 ipsa
224 934 284 988 sine
295 933 351 989 ulio
363 935 433 991 socio
446 943 471 988 et
484 937 590 990 custode
603 953 681 991 omne
691 937 835 1008 imperium

29 1007 184 1066 obtinebat:
209 1009 338 1062 exercitus
353 1009 500 1082 Ganymedi
514 1011 671 1066 transditur:
697 1011 730 1076 is,
744 1027 836 1066 susee-

1 1111 3 1120 ν
29 1092 80 1158 pto
89 1080 187 1145 disseio,
195 1081 361 1156 largitionem
371 1084 399 1138 in
409 1083 507 1138 milites
516 1091 602 1156 auget,
614 1083 716 1156 reliqua
725 1085 783 1158 pari
792 1085 835 1140 di·

29 1155 328 1231 ligemtioadministrat

1 1281 2 1306 ἦ
91 1231 125 1284 V.
146 1229 303 1285 Alexandria
312 1236 351 1284 est
361 1227 415 1284 fere
423 1236 475 1284 tata
484 1229 606 1295 srrffossa,
626 1247 773 1304 specusque
786 1232 834 1286 ha-

30 1307 80 1362 bet
89 1303 123 1358 ad
132 1303 222 1358 Nilum
232 1304 400 1374 pertinentes,
420 1303 520 1375 quibus
534 1313 602 1375 aqua
616 1305 643 1360 in
658 1305 773 1376 privatas
786 1306 834 1360 do-

31 1396 95 1435 mos
105 1377 248 1442 inducitur,
258 1393 328 1448 quae
337 1376 475 1448 paullatim
485 1379 569 1448 spatio
578 1379 703 1448 temporis
714 1377 835 1449 liquescit

30 1471 64 1510 aa
78 1451 205 1506 subsidit.
225 1453 279 1506 ileo
291 1451 328 1505 uti
342 1451 445 1506 domini
460 1451 637 1506 aedificiorum
651 1459 730 1522 atqua
743 1468 834 1505 eorum

1 1575 2 1586 ,
29 1525 152 1584 familiae
161 1533 367 1579 consueverunt:
389 1541 450 1579 nam
464 1541 532 1596 quaa
545 1523 656 1580 flumine
668 1524 728 1579 Nilo
741 1523 832 1589 fertur,

1 1634 15 1670 ,1
28 1602 101 1658 adeo
110 1607 151 1652 est
160 1598 253 1652 limosa
263 1615 294 1652 ac
304 1598 419 1663 turbida,
434 1605 465 1652 ut
473 1598 571 1653 multos
579 1599 720 1670 variosque
729 1598 835 1652 morbos

1 1673 2 1678 '
29 1673 145 1732 efficiat:
166 1671 541 1742 sedeaplebesaemultitudo
559 1680 678 1728 contentu
692 1679 732 1727 est
746 1687 836 1725 neces·

29 1743 339 1816 sario,quodlonsurbe
347 1745 557 1800 iotanullusest.
578 1747 630 1800 lios
639 1743 835 1800 tamenllumen

31 1827 62 1880 in
74 1837 106 1875 ea
116 1825 189 1888 parte
198 1818 273 1872 urbis
282 1827 345 1884 erat,
366 1836 434 1890 quae
446 1820 480 1894 ab
491 1819 674 1874 Alexandrinis
687 1819 833 1874 tenebatur.

30 1900 95 1966 Quo
106 1893 173 1946 iacto
181 1900 221 1947 est
229 1893 379 1948 admonitus
384 1893 560 1966 Ganymedes,
568 1910 645 1967 possa
653 1900 756 1948 nostros
766 1909 835 1964 aqua

29 1967 189 2032 intercludi,
202 1967 259 2038 qui,
267 1966 400 2022 distributi
406 1967 583 2023 munitionum
592 1967 748 2024 tuendarum
758 1983 835 2021 ceus-

29 2065 73 2109 ευ,
89 2041 195 2096 vicatim
205 2059 238 2096 ex
247 2041 358 2114 privatis
370 2041 505 2108 aediliciis,
513 2041 643 2114 specubus
654 2059 683 2096 aa
691 2041 778 2114 puteis
787 2059 835 2096 ex·

29 2123 117 2176 tracta
126 2133 195 2187 aqua
205 2115 354 2171 utebantur.

93 2191 138 2242 Vl.
158 2190 328 2260 iloeprobato
335 2189 455 2254 oonsilio,
471 2207 599 2263 magnum
609 2207 638 2244 ac
647 2187 753 2244 difficile
766 2205 834 2259 opus

32 2263 199 2336 adgreditur.
224 2265 373 2336 interseptis
386 2265 458 2319 enim
473 2265 605 2335 specubus
618 2271 696 2336 atque
709 2263 835 2317 omnibus

31 2338 114 2396 urbis
123 2335 241 2408 partibus
253 2337 375 2403 exclusis,
389 2355 457 2410 quaa
467 2339 500 2392 ab
511 2339 566 2410 ipso
575 2331 739 2400 tenebantur,
752 2351 836 2406 aquae

31 2425 165 2486 magnam
184 2410 238 2463 vim
252 2429 285 2466 ex
299 2413 365 2466 mari
375 2413 439 2468 rotis
449 2429 479 2467 ee
487 2411 727 2467 machinationibus
746 2408 835 2479 estpri-

31 2503 109 2546 mere
119 2483 260 2540 sonundit
279 2487 351 2540 Hane
360 2485 423 2540 locis
429 2486 610 2557 superioribus
618 2484 727 2539 fundere
736 2483 763 2536 iu
774 2498 836 2552 par-

1 2579 2 2641 t
31 2573 89 2618 tem
111 2558 231 2614 Caesaris
249 2575 303 2613 non
321 2558 518 2628 intermittebam
549 2557 721 2632 quamobrem
743 2555 836 2642 salsior

1 2643 2 2700 l
31 2633 127 2712 paullo
136 2633 459 2707 praeteroousuetudinem
467 2652 535 2708 aqua
544 2633 738 2696 trahebaturex
746 2647 836 2702 proxr-

597 2725 668 2782 Bou
