2072 2998
292 161 366 208 ma.
381 161 415 210 V.
443 163 526 210 CAP.
541 162 583 212 at.
596 163 635 211 dd.
820 162 864 214 iii

75 265 169 330 aierent,
186 279 258 335 quae
266 262 385 334 quisque
395 278 486 318 eorum
496 263 631 318 carissima
642 263 755 330 haberet,
775 266 809 321 ab
820 266 870 322 im·

76 338 230 411 pedimentis
239 345 328 409 petere
336 345 415 409 atque
424 336 541 409 abripere
550 346 708 410 properaret,
718 338 829 400 clamore
840 358 870 396 ae

75 413 131 469 {latu
142 414 234 468 ornnia
243 411 449 482 complerentur.
879 463 882 470 ,

123 487 254 544 XXXIV.
275 486 310 541 At
327 486 445 540 barbaris
463 487 603 542 consilium
618 504 671 542 non
690 485 787 542 defuit:
808 505 868 544 nam

69 564 149 619 duces
160 579 255 618 eorum
265 570 316 616 tota
327 561 383 616 acia
391 563 563 632 pronunciare
573 563 716 625 iusserunt,
728 579 759 616 aa
770 565 869 632 quisae

71 642 293 694 locedieoedaret:
315 638 421 692 iliorum
430 642 624 704 emerendam,
635 647 712 707 atque
722 641 776 692 iiiia
785 654 869 692 raser-

71 718 140 777 vert,
155 727 334 782 quoecumque
343 711 452 766 Rwaom'
464 713 643 780 reliquissent:
659 716 769 781 proinde
783 719 869 766 omacio

71 794 101 843 ia
110 789 316 855 victottapoeita
326 789 512 840 eciatiamreat.
532 786 614 842 Erant
629 795 654 842 et
668 787 765 841 virtute
778 794 803 841 et
818 785 868 842 hu·

71 879 144 918 mero
157 859 304 932 pugnando
318 876 408 930 pares:
430 860 511 914 nostri
526 861 672 916 tamenetsi
688 861 721 915 ah
736 861 802 916 duce
815 871 867 917 eta

70 937 175 992 ioruma
189 934 388 998 deserebantur,
407 939 494 990 tamen
512 951 618 990 omnem
637 953 711 1007 spem
728 936 821 990 salutis
840 937 866 992 in

70 1012 168 1066 virtute
177 1009 310 1082 ponebant
319 1009 463 1082 et,quoties
471 1010 689 1082 quaequecohors
695 1020 865 1083 procurreret,

68 1087 105 1143 ab
115 1104 146 1142 ea
156 1093 231 1156 parto
244 1101 359 1156 mafflus
368 1083 485 1138 hostium
497 1101 624 1140 numerus
636 1085 751 1142 cadebat.
771 1086 867 1153 Quare

67 1159 265 1222 animadversa,
287 1158 427 1213 Ambiorix
448 1160 613 1229 pronunciari
629 1159 709 1226 iubet,
731 1168 761 1216 ut
775 1160 865 1232 procul

68 1234 278 1296 telaroniioiant,
304 1250 357 1288 neu
365 1233 474 1304 propius
484 1233 604 1290 accelant
613 1244 647 1300 et,
669 1252 751 1306 quam
765 1236 792 1290 in
806 1253 866 1308 par·
945 1233 951 1242 '

71 1317 127 1364 tam
139 1309 247 1364 Romani
264 1309 392 1378 impetum
405 1306 519 1373 iecerint,
539 1309 643 1364 oedant:
666 1309 767 1364 levitate
779 1327 866 1364 armo·

72 1391 174 1438 rum‘et
185 1382 338 1454 quotidiana
352 1382 533 1438 exercitatione
549 1383 617 1438 nihil
627 1384 660 1436 iis
675 1385 760 1439 noceri
773 1401 864 1456 posse:

71 1475 168 1518 rursus
176 1476 204 1514 se
212 1457 246 1513 ad
255 1458 332 1530 signa
343 1458 493 1528 recipientes
502 1457 681 1528 insequantur.

47 1539 49 1542 ’
126 1534 238 1588 XXXV.
258 1531 317 1598 Quo
330 1539 464 1602 praecepto
476 1532 511 1586 ab
524 1533 556 1586 iis
565 1531 766 1604 diligentissime
776 1529 867 1586 obser-

66 1618 144 1672 vato,
165 1625 251 1680 quum
261 1623 401 1678 quaepiam
414 1606 507 1662 cohors
516 1623 549 1660 ex
563 1605 626 1660 orbe
635 1615 778 1672 excesserat
787 1614 866 1676 atque

67 1687 200 1755 impetum
211 1682 313 1746 fenerat,
328 1681 416 1736 hostes
430 1680 594 1736 velocissime
607 1679 777 1753 refugiebant.
797 1680 866 1734 inte-

66 1759 121 1813 rim
131 1775 188 1812 eam
200 1765 300 1828 partem
314 1755 409 1812 nudari
419 1773 524 1812 noeessc
536 1763 591 1812 erat
604 1764 629 1810 et
638 1754 671 1810 ab
687 1754 763 1810 latere
776 1762 866 1826 aperto

65 1832 119 1888 tela
131 1831 220 1903 recipi.
251 1832 361 1896 Rursus,
381 1847 467 1902 quum
479 1831 579 1887 inaum
594 1829 691 1896 iocum,
712 1829 865 1886 undeerant

65 1907 211 1980 progressi,
223 1906 317 1960 reverti
327 1905 473 1976 coeperant,
488 1914 513 1961 et
522 1907 556 1962 ab
567 1906 608 1970 iis,
626 1905 673 1978 qui
683 1915 822 1972 cesserant,
839 1914 865 1962 et

65 1984 102 2038 ab
112 1983 156 2044 iis,
177 1980 350 2052 quiproximi
364 1987 495 2045 steterant,
514 1980 799 2049 circumveniebantur3
820 1982 862 2037 ain

65 2065 157 2114 autem
166 2055 253 2112 locum
263 2062 352 2110 tenere
361 2054 467 2118 velient,
490 2072 536 2110 nec
548 2055 638 2110 virtuti
648 2055 720 2111 locus
731 2056 863 2126 relinque-

66 2133 155 2196 batur,
173 2147 259 2203 nsque
267 2129 302 2184 ab
311 2137 380 2184 tanta
391 2127 560 2185 multitudine
573 2131 685 2186 coniecta
696 2129 746 2186 tela
754 2131 863 2186 oonierti

65 2207 150 2262 vitare
159 2213 286 2276 poterant.
301 2205 399 2258 Tamen
410 2211 447 2258 tot
456 2204 629 2260 incommodis
638 2203 864 2269 conflictatimui-

65 2275 101 2335 tis
112 2279 268 2336 vulneribus
278 2278 399 2349 acceptis,
412 2279 565 2334 resistebant
573 2285 606 2345 et,
622 2298 719 2354 magna
728 2288 800 2351 parte
810 2279 863 2332 diei

65 2363 213 2418 consumta,
230 2361 317 2426 quum
331 2371 346 2408 a
362 2353 445 2422 prima
460 2352 516 2408 luce
530 2352 562 2408 ad
576 2354 668 2410 horam
681 2362 798 2410 octavam
812 2367 863 2420 pu·

65 2439 201 2504 gnaretur,
217 2427 294 2490 nihii,
311 2427 383 2499 quod
394 2427 458 2498 ipsis
468 2437 535 2482 esset
547 2427 696 2501 indignum,
717 2425 862 2480 committe·

66 2507 138 2562 baut.
167 2504 236 2558 Tum
247 2504 278 2558 T.
292 2501 436 2568 balventio,
457 2503 503 2574 qui
514 2504 648 2573 superiore
662 2516 731 2554 anno
745 2498 862 2570 primum

64 2579 152 2650 pilum
162 2577 349 2642 duxerat,viro
360 2575 416 2631 forti
431 2583 455 2630 et
467 2594 576 2650 magnae
585 2571 752 2635 auctoritatis,
761 2578 863 2626 utrum-

68 2671 120 2725 que
130 2652 216 2708 femur
230 2651 333 2726 tragula
343 2651 516 2717 transiicitur;
537 2649 570 2716 Q.
581 2645 860 2709 Lucaoiusseiusdem
