2072 2998
143 126 175 178 9⁰
349 129 398 174 DE
417 127 542 174 BELLO
561 125 730 174 GALLICO

143 245 256 302 pugnae,
262 235 378 300 tempore
386 229 611 300 opportunissimo
620 227 714 283 Caesar
723 217 856 284 suillium
866 227 944 284 tulit:

143 320 260 376 namque
272 303 330 358 eius
344 303 460 358 adventu
474 302 562 358 hostes
575 301 755 366 constiterunt,
776 301 860 356 nostri
869 319 946 358 seex

143 379 237 433 umere
255 385 413 449 receperunt.
433 376 491 443 Quo
507 375 583 443 lactc,
605 376 640 431 ad
662 374 845 432 lacessendum
862 384 893 430 et
907 377 944 432 ad
1027 387 1028 392 ’

143 452 361 508 committendum
372 451 501 525 proelium
512 450 628 508 alienum
642 467 700 505 esse
712 457 818 522 tempus
828 449 946 506 arbitra-

144 536 198 593 tus,
214 544 264 582 suo
273 545 302 598 se
311 525 367 582 loco
376 525 507 582 continuit
517 534 552 591 et,
567 525 641 581 brevi
651 532 768 596 tempore
777 524 943 591 intermisso,

145 603 173 658 in
183 609 267 657 castra
276 601 392 674 legiones
402 599 517 656 reduxit.
537 601 607 656 llum
620 601 684 654 been
692 606 829 672 geruntur,
842 600 946 655 nostris
1029 617 1030 624 ¹

78 691 81 700 ·
145 677 271 732 omnibus
279 675 422 746 occupatis,
434 675 565 749 quierant
575 675 603 730 in
613 675 684 748 agris
694 673 800 745 reliqui,
811 673 948 730 discesse-

145 759 217 806 runt.
238 749 344 804 Secutae
354 750 563 806 suntcontinncs
571 749 720 819 complures
734 748 790 803 dies
798 755 947 821 tempesta-

146 834 194 891 tes,
216 839 285 895 quas
292 830 318 877 et
328 825 468 880 nostrosin
477 824 570 880 cestu
581 823 753 888 continerent,
773 823 946 878 et-hostema
1029 871 1030 890 ,

145 915 236 972 pugna
245 897 422 971 prohiberent.
442 899 551 955 Interim
564 897 669 954 barbari
684 897 798 954 nuncios
809 897 838 952 in
847 914 947 953 omnes

146 980 232 1046 partes
249 971 408 1028 dimiserunt
425 974 637 1045 paucitatemque
654 977 804 1028 nostromm
823 971 946 1028 militum

147 1047 204 1102 suis
213 1045 428 1118 praedicaverunt
437 1055 471 1113 et,
492 1045 949 1120 quantapraedaefaciendaeatqus

145 1123 336 1193 inperpetuum
346 1121 388 1175 sui
398 1119 526 1176 liberandi
535 1120 645 1176 facultas
654 1121 768 1186 daretur,
780 1121 948 1176 sillcmancs

145 1195 238 1251 cestris
247 1193 419 1266 expulissent,
433 1195 687 1251 demonstraverunt.
706 1196 754 1250 llis
763 1195 843 1252 rebus
851 1193 948 1250 celeri-

145 1278 185 1324 tar
197 1268 478 1342 magna-multitudine
491 1269 622 1343 peditatus
640 1271 827 1344 equitatusque
843 1277 945 1336 coacta,

146 1344 272 1400 adcastra
282 1351 420 1400 venenant.

201 1419 315 1476 XXXV.
336 1419 440 1486 Caesar,
451 1419 499 1475 etsi
511 1419 591 1486 idem,
602 1419 676 1494 quod
691 1417 873 1492 superioribus
886 1417 950 1472 die-

147 1493 344 1555 busacciderat.
364 1492 420 1550 fore
428 1495 542 1560 videbat,
563 1501 603 1562 ut,
626 1495 651 1550 si
660 1503 747 1550 essent
756 1494 843 1549 hostes
858 1491 945 1564 pulsi,

147 1568 274 1624 celeritate
286 1569 433 1642 periculum
446 1570 602 1644 effugerent;
623 1577 709 1624 tamen
730 1575 823 1622 namus
840 1567 947 1638 equites

144 1645 248 1700 circiter
258 1644 373 1718 triginta,
392 1661 460 1716 quos
475 1645 613 1700 Commius
626 1643 745 1708 Atrebas,
766 1642 800 1698 de
811 1657 866 1714 quo
883 1649 948 1696 ante

146 1718 306 1783 dictumest,
318 1735 407 1772 secum
418 1724 644 1790 transportaverat,
664 1717 778 1790 legiones
792 1717 819 1771 in
830 1715 884 1770 acie
896 1733 948 1787 pro

147 1792 239 1846 castris
249 1793 392 1848 constituit.
406 1792 555 1854 Commisso
563 1791 669 1863 proelio,
681 1791 783 1846 diutius
792 1798 947 1846 nestrorum
1027 1843 1028 1848 ,

146 1865 263 1920 militnm
279 1866 408 1937 impetum
424 1865 512 1920 hostes
527 1864 593 1920 ferre
606 1883 660 1921 non
675 1873 816 1938 potnerunt
829 1882 860 1919 ac
871 1871 946 1938 terga
1027 1889 1028 1908 κ

145 1945 290 1994 verterunt.
319 1937 391 2004 Quos
401 1940 666 2011 tantcspatiosccuti,
688 1947 818 2012 quantum
827 1951 910 1994 cursu
920 1946 948 1994 et
1029 1995 1030 2002 ,

146 2012 250 2066 viribus
259 2011 360 2066 &ficere
368 2021 518 2084 potuerunt,
530 2014 678 2086 complures
688 2031 721 2070 ex
734 2015 768 2068 iis
777 2013 944 2083 occider-nnn
1029 2023 1030 2076 l

147 2085 251 2150 deinde,
267 2086 395 2142 omnibus
403 2086 480 2162 longe
489 2087 592 2162 lateque
600 2088 711 2144 adflictis
721 2089 898 2162 incensisque,
916 2105 947 2145 se

147 2160 268 2214 innostra
280 2170 441 2231 receperunt.

202 2234 328 2290 XXXVI.
348 2235 446 2290 Eodem
469 2237 512 2292 die
530 2236 618 2311 legati,
639 2238 673 2292 ab
686 2237 808 2292 hostibus
820 2236 897 2292 missi
912 2237 948 2293 ad

148 2309 286 2365 Caesarem
295 2308 328 2364 <le
336 2327 408 2382 paee,
420 2319 559 2367 venerunt.
579 2313 627 2366 llis
637 2312 731 2368 Caesar
744 2329 888 2368 numerum
897 2311 948 2366 ob-

148 2383 247 2450 sidlnn,
268 2401 349 2458 quem
364 2393 438 2440 antea
452 2386 632 2458 imperaverat,
653 2385 799 2457 duplicavit
808 2401 908 2458 eosque
917 2387 948 2443 in
1029 2395 1030 2404 ³

148 2458 324 2514 continentem
335 2459 430 2516 adduci
440 2460 526 2526 iussit,
542 2460 624 2532 quod,
641 2460 948 2534 propinquadicaequi·
979 2477 984 2488 ·

148 2531 242 2598 noctii,
264 2533 378 2591 inlirmis
398 2535 526 2601 navibus,
546 2534 626 2590 hiemi
645 2535 841 2607 navigationem
860 2535 949 2590 subii-
1029 2589 1030 2608 ἶ

148 2605 518 2678 ciendamnonexistimsbat.
543 2611 611 2682 lpse,
633 2609 754 2666 idoneam
764 2617 950 2680 tempestatem
1029 2609 1030 2646 l
