2044 2992
184 127 234 180 506
484 127 533 174 DE
551 128 678 174 usum

184 229 333 302 complures
345 225 484 299 profugere
501 227 529 280 iu
543 227 703 291 Baeturiam,
722 243 814 298 ‚nmen
834 226 889 280 sibi
910 225 986 280 ullam

184 323 260 376 spem
273 303 394 358 vietorIae
402 301 562 372 propositam
572 300 683 355 habere:
703 308 740 365 et,
752 302 777 354 si
788 302 838 372 qui
847 318 884 356 ex
895 301 987 355 nostris

185 376 363 450 transfugerit,
384 377 410 430 in
426 375 509 430 levem
519 383 682 430 armaturam
694 376 793 431 ooniici
804 391 928 446 eumque
940 391 986 429 uon

185 452 301 524 amplius
311 452 371 506 XVI
384 451 507 520 aotIpers.

241 528 340 582 XXIII.
361 523 511 595 Insequenti
532 529 649 592 tempore
669 521 768 577 Caesar
787 524 888 578 castris
910 531 985 577 eastre

186 600 331 656 eontulitet
349 598 488 654 brachium
502 597 536 650 ad
550 595 648 650 flumen
660 596 769 652 Salsum
784 598 887 652 dooere
897 597 984 668 eoepit.

188 677 236 730 llic
248 675 313 730 dum
326 673 353 728 in
366 689 443 743 opere
457 671 537 726 nmtri
551 670 659 724 distenti
672 678 772 736 esseut,
794 671 984 744 compluresex

186 749 320 821 superiore
332 747 387 802 loeo
395 745 604 800 adversariorum
617 744 843 800 decucurrerunt:
867 763 918 800 nee
926 745 984 799 dosi-

187 823 312 878 neutibus
322 821 427 882 uostris,
444 819 536 874 multis
547 817 606 872 telis
615 817 719 872 iniectis
728 818 888 890 complures
902 819 984 875 vulne

187 898 262 952 ribus
274 893 398 949 adimere.
420 893 572 956 llictamen,
583 899 613 946 ut
622 892 785 956 sisennius,
797 899 889 948 nostru*
898 909 983 948 orme

185 985 333 1039 parumper.
363 968 454 1037 Itaque
464 973 565 1036 praeter
577 965 800 1020 consuetudinem
815 985 934 1039 quuma
947 983 983 1020 no

188 1043 249 1098 stris
259 1040 474 1096 ammadversum
480 1047 556 1104 esset,
571 1039 671 1103 sedere,
684 1040 860 1095 uenturioues
869 1059 905 1096 ex
915 1041 982 1114 legio

189 1133 222 1172 ne
235 1115 328 1186 quinta
343 1113 440 1170 tlumen
459 1113 614 1187 transgressi
632 1112 687 1167 duo
700 1111 882 1174 restituerunt
895 1117 979 1176 aciem]

188 1189 535 1260 acriterqueexImiuvirtute
543 1186 631 1314 qums
640 1203 725 1257 quum
736 1197 859 1260 agarena.
872 1207 908 1245 ex
917 1205 982 1259 supe

190 1266 256 1320 riore
274 1263 330 1322 loeo
345 1261 513 1318 multitudine
535 1271 645 1315 tearum
665 1260 730 1316 alter
748 1279 844 1317 eorum
869 1263 981 1319 eonoidit

189 1341 236 1405 lta,
246 1356 331 1411 quum
342 1338 365 1392 is
374 1353 481 1408 mmpar
490 1336 617 1407 proelium
628 1333 711 1390 iaeers
721 1337 855 1407 coepisset
865 1347 981 1410 enquun

190 1415 310 1486 unquue
321 1411 542 1468 seoireumveniri
557 1410 676 1464 animum
692 1409 862 1477 advertisset,
886 1430 982 1484 paruue

190 1506 237 1561 per
246 1489 392 1562 ingressus,
404 1485 497 1558 pedem
513 1484 629 1540 offendit.
659 1484 746 1538 Iluius
759 1486 929 1542 oeneideutis
942 1485 982 1540 riri

190 1581 254 1618 casu
271 1563 372 1635 passim
390 1560 493 1623 audito,
513 1575 598 1630 quum
610 1556 761 1629 complures
776 1559 982 1617 adversariorum

190 1654 349 1693 eoncursum
360 1634 479 1698 lacerent,
492 1633 593 1704 equites
604 1632 685 1688 nostri
696 1637 860 1706 transgressi
872 1637 983 1692 interiore

191 1713 247 1768 loeo
256 1711 418 1766 adversarios
431 1709 465 1762 sd
475 1708 575 1763 vallum
589 1723 666 1780 agere
677 1716 832 1778 eoeperunt.
865 1712 914 1775 Ita,
929 1711 983 1766 duu

191 1786 314 1857 cupidius
325 1786 392 1841 Intra
401 1782 531 1856 praesidia
542 1782 647 1836 illorum
657 1781 765 1836 student
773 1782 888 1838 eaedem
902 1783 981 1839 tasse.

192 1860 346 1916 aturmiset
355 1859 407 1913 levi
420 1865 550 1912 armatura
560 1865 622 1910 sunt
632 1855 777 1910 interclusi.
802 1855 928 1922 Quorum
942 1858 982 1912 nisi

191 1951 296 1988 summa
307 1933 392 1988 virtus
401 1932 503 1994 luisset,
515 1931 569 1986 vivi
584 1931 650 2000 capti
661 1937 760 1984 essent:
784 1948 850 1984 nam
865 1942 894 1986 et
905 1933 982 1987 muni·

192 2010 261 2062 tlone
279 2006 402 2078 praesidiI
422 2008 457 2060 ita
475 2006 724 2078 mangustabantur‚
746 2010 776 2056 ut
790 2021 888 2074 eques,
910 2007 981 2078 spatio

192 2080 342 2143 intercluso,
365 2081 411 2135 vix
430 2097 459 2134 se
476 2078 726 2149 defenderepossst.
753 2077 795 2130 Ex
815 2079 861 2132 his
881 2089 981 2151 utroque

192 2171 286 2230 genere
297 2170 402 2227 pugnae
414 2153 563 2225 eomplures
583 2161 646 2208 suut
661 2150 818 2206 vulneribus
838 2153 943 2218 admeti,
960 2153 979 2207 in

192 2231 254 2303 quis
264 2230 343 2284 etiam
356 2228 464 2284 Clodius
475 2227 614 2300 Aquilius:
635 2227 702 2282 inter
715 2224 829 2296 quesita
840 2230 992 2284 domminus.

83 2325 89 2335 ·
193 2314 231 2362 est
240 2311 397 2377 pugnatum.
419 2309 449 2356 ut
458 2319 492 2356 ex
502 2301 606 2367 nostris,
626 2307 726 2372 praeter
734 2298 803 2372 duos
811 2304 979 2363 centuriones,

192 2380 227 2433 sit
237 2395 313 2432 nemo
322 2376 492 2440 desideratus,
503 2375 586 2448 gloria
597 2392 626 2430 so
635 2373 778 2428 efferentes.

248 2451 346 2505 XXIV.
368 2453 471 2504 Postero
480 2449 522 2504 die
533 2450 567 2504 eb
576 2449 702 2503 Soricaria
711 2454 980 2520 utrorumqueoonre·

194 2540 254 2577 nere
262 2525 358 2596 sepiae.
370 2524 456 2578 Nostri
467 2522 572 2578 braoliia
583 2521 678 2576 dusera
685 2528 837 2590 coeperunt.
851 2524 979 2595 Pompu'us
997 2587 998 2592 ἵ

191 2611 278 2664 quum
288 2596 514 2661 animadverteret,
523 2593 778 2650 castelloseexoludi
784 2594 913 2667 Aspavia,
919 2595 979 2670 quod
997 2595 998 2600 ’
