2044 2992
185 123 234 176 672
382 127 414 173 Δ.
432 125 563 172 HIRTH
578 125 632 170 DE
648 123 775 170 BELLO

184 229 282 284 Romae
290 225 430 299 pecuniam
440 225 592 296 imperatam
606 231 793 280 numeraverat
810 233 839 280 et
848 227 922 299 qued
933 231 991 300 ips¹

184 321 261 358 suam
271 317 393 357 mmm
406 298 509 356 Caesari
519 300 682 371 probaverat,
703 317 741 365 se,
762 317 778 354 a
790 301 901 356 Nasidii
909 303 979 356 class

183 387 300 449 sepium,
312 393 397 448 quum
406 373 440 429 ed
449 389 538 430 neoem
549 374 697 439 diaeresin,
715 374 851 431 beneficio
857 375 925 432 Vari
935 393 981 432 esse

183 461 327 516 matum,
345 457 433 522 postea
443 447 591 505 iaouitntem
604 447 658 502 sibi
676 448 783 504 nullam
796 450 893 507 datam
907 462 981 508 nans

184 528 277 590 eundi,
291 527 298 580 i
337 525 402 580 evit.

239 543 391 657 LXiissJnEst
407 599 436 654 in
454 596 541 652 inim
549 597 712 653 consuetudo
728 597 897 668 inmissum,
922 602 980 656 ntin

184 677 256 750 agris
265 685 291 731 et
300 677 328 731 in
336 673 462 730 omnibus
471 671 526 727 iere
534 670 604 727 vitiis
613 671 666 726 sub
674 681 852 746 terraspeeus
861 675 981 732 condendi

185 751 310 819 frumenti
326 750 410 823 gratia
427 747 496 802 elam
510 747 629 801 ‘habeuu
648 754 729 820 atque
749 748 780 802 id
794 759 911 822 propter
926 749 980 805 bella

186 827 302 882 maome
322 825 492 893 hostiumque
512 822 631 876 subitum
653 821 803 878 adventum
820 833 979 900 praeparent

185 902 243 967 Qua
264 898 298 954 de
317 897 453 954 recaesar
473 895 566 952 eerfior
586 911 633 968 per
654 895 772 951 indinem
793 897 895 966 iaetus,
920 899 979 954 terii

185 972 276 1046 vigilia
286 971 402 1046 legiones
411 971 479 1026 does
489 985 551 1026 eum
560 971 679 1044 equitatu
687 971 769 1026 mittit
779 973 818 1028 ab
828 976 929 1030 eastris
937 975 979 1028 suis

183 1047 267 1102 miliia
279 1063 409 1118 passum
424 1045 514 1101 deoem
526 1051 605 1117 atque
617 1045 679 1100 iude
692 1061 793 1120 magno
807 1067 928 1105 numero
939 1049 980 1103 iru-

184 1121 267 1178 menti
274 1129 384 1178 onustos
392 1121 483 1193 resipit
492 1121 521 1176 in
531 1127 625 1176 eastra.
654 1119 759 1186 Quibus
769 1123 857 1178 rebus
867 1125 978 1200 eognitis,

185 1197 326 1263 Labienus,
349 1213 505 1271 progressus
527 1213 542 1249 a
562 1195 621 1250 suis
642 1196 735 1274 castris
753 1197 845 1256 miliia
860 1215 980 1272 passuum

184 1280 284 1344 septem
294 1287 341 1346 per
354 1273 449 1346 iugum
465 1277 491 1325 et
503 1269 607 1334 nollem,
626 1285 674 1341 per
692 1279 773 1342 quem
785 1271 891 1330 Caesar
909 1273 981 1350 pridie

185 1349 233 1403 iter
246 1347 352 1413 fenerat,
374 1347 412 1402 ioi
425 1352 509 1401 eastre
521 1344 636 1400 marum
653 1344 789 1420 legionum
811 1345 894 1418 iacit;
917 1359 981 1420 atque

184 1417 781 1571 „a
795 1410 982 1570 sesai

185 1582 240 1628 tatu
264 1571 370 1645 levique
380 1578 513 1626 armatura
529 1568 703 1624 insidiaturus
724 1568 791 1624 locis
806 1539 917 1629 idtineis
930 1591 982 1628 con·

185 1648 263 1703 sedit.

240 1722 332 1776 LXW.
351 1720 446 1777 Caesar
455 1717 561 1776 interim
570 1717 603 1774 de
611 1717 718 1774 insidiis
727 1717 840 1775 Labieni
857 1739 893 1777 ex
904 1721 982 1795 pern

184 1793 442 1870 gesserimus,
463 1794 634 1867 paueos·dies
652 1793 690 1848 ssei
708 1803 904 1862 semmei-atus,
927 1798 981 1852 dum

185 1872 273 1926 hostes
292 1870 445 1943 quotidiano
462 1870 594 1935 instituto,
620 1882 697 1940 saepe
713 1868 784 1922 idem
804 1867 940 1936 iaciendo,
962 1873 980 1924 in

188 1946 373 2018 negligentiam
384 1945 582 2014 adduoerentur,
595 1943 682 1998 subito
692 1958 770 1997 mene
779 1943 908 2016 imperat,
917 1957 981 2019 porta

185 2020 330 2074 &umens
341 2019 457 2092 legiones
470 2035 499 2074 se
508 2023 566 2074 octo
574 2023 708 2072 veteranas
720 2033 783 2072 eum
796 2027 878 2090 parte
887 2023 981 2094 equita

185 2093 330 2164 tus-sequi;
351 2101 439 2165 atque,
452 2093 588 2166 equitibus
596 2092 757 2166 praemissis,
770 2109 863 2164 neque
876 2097 981 2168 opinan-

185 2177 224 2223 tes
244 2167 409 2223 insidiatores
431 2169 528 2233 subito,
552 2168 579 2236 in
598 2165 761 2222 eonvaiiihus
785 2165 915 2236 latentes,
938 2169 980 2224 levi

186 2251 318 2300 armatura
330 2243 443 2298 eoneidit
458 2243 559 2297 aruer
572 2244 744 2315 quingentos3
764 2239 889 2314 reliquos
902 2245 932 2300 in
947 2245 981 2299 iu

185 2335 248 2391 gam
258 2317 438 2390 turpissimam
446 2316 563 2373 eonieeit
583 2317 691 2371 Interim
703 2313 837 2370 Labienus
847 2334 914 2374 cum
928 2321 981 2374 uni·

186 2390 980 2536 issu“iiiiussisseizzieflssiussfiaii

187 2538 239 2592 inm
250 2541 380 2595 sustinere
394 2559 445 2596 non
465 2545 580 2612 possent.
602 2536 696 2592 Caesar
711 2537 853 2593 instructas
867 2540 978 2616 legiones

188 2609 301 2666 hostium
317 2615 399 2684 copiis
412 2613 532 2670 ostendit.
561 2610 619 2677 Quo
636 2609 703 2666 iacto
716 2613 854 2684 perterrito
868 2615 978 2670 Labieno
