<?xml version="1.0" encoding="UTF-8"?>
<!DOCTYPE html PUBLIC "-//W3C//DTD XHTML 1.0 Transitional//EN"
    "http://www.w3.org/TR/xhtml1/DTD/xhtml1-transitional.dtd">
<html xmlns="http://www.w3.org/1999/xhtml" xml:lang="en" lang="en">
 <head>
  <title>
</title>
<meta http-equiv="Content-Type" content="text/html;charset=utf-8" />
  <meta name='ocr-system' content='tesseract 3.04.00' />
  <meta name='ocr-capabilities' content='ocr_page ocr_carea ocr_par ocr_line ocrx_word'/>
</head>
<body>
  <div class='ocr_page' id='page_1' title='image "./ciuliicaesarisc04caesgoog_0241.png"; bbox 0 0 2072 2998; ppageno 0'>
   <div class='ocr_carea' id='block_1_1' title="bbox 174 169 737 226">
    <p class='ocr_par' dir='ltr' id='par_1_1' title="bbox 174 169 737 226">
     <span class='ocr_line' id='line_1_1' title="bbox 174 169 737 226; baseline -0.007 -1"><span class='ocrx_word' id='word_1_1' title='bbox 174 169 225 226; x_wconf 77' lang='grc'><strong>238</strong></span> <span class='ocrx_word' id='word_1_2' title='bbox 401 176 452 222; x_wconf 87' lang='lat' dir='ltr'><strong>DE</strong></span> <span class='ocrx_word' id='word_1_3' title='bbox 470 177 596 224; x_wconf 89' lang='lat' dir='ltr'>BELLO</span> <span class='ocrx_word' id='word_1_4' title='bbox 615 175 737 224; x_wconf 84' lang='lat' dir='ltr'><strong>CIVILI</strong></span> 
     </span>
    </p>
   </div>
   <div class='ocr_carea' id='block_1_2' title="bbox 174 273 1026 2740">
    <p class='ocr_par' dir='ltr' id='par_1_2' title="bbox 174 273 1026 2740">
     <span class='ocr_line' id='line_1_2' title="bbox 175 273 976 350; baseline -0.001 -19"><span class='ocrx_word' id='word_1_5' title='bbox 175 283 255 348; x_wconf 86' lang='lat' dir='ltr'><strong>atque</strong></span> <span class='ocrx_word' id='word_1_6' title='bbox 266 273 293 330; x_wconf 90' lang='lat' dir='ltr'><strong>in</strong></span> <span class='ocrx_word' id='word_1_7' title='bbox 304 281 438 348; x_wconf 78' lang='lat' dir='ltr'><strong>posterum</strong></span> <span class='ocrx_word' id='word_1_8' title='bbox 452 277 601 344; x_wconf 70' lang='lat' dir='ltr'><strong>oonfinnau</strong></span> <span class='ocrx_word' id='word_1_9' title='bbox 623 277 757 350; x_wconf 77' lang='lat' dir='ltr'><strong>segniores</strong></span> <span class='ocrx_word' id='word_1_10' title='bbox 769 275 877 349; x_wconf 79' lang='lat' dir='ltr'><strong>castigat</strong></span> <span class='ocrx_word' id='word_1_11' title='bbox 891 283 976 348; x_wconf 84' lang='lat' dir='ltr'><strong>atque</strong></span> 
     </span>
     <span class='ocr_line' id='line_1_3' title="bbox 174 349 976 423; baseline -0.001 -18"><span class='ocrx_word' id='word_1_12' title='bbox 174 351 273 406; x_wconf 85' lang='lat' dir='ltr'><strong>incitat.</strong></span> <span class='ocrx_word' id='word_1_13' title='bbox 287 349 364 407; x_wconf 80' lang='lat' dir='ltr'><strong>Multi</strong></span> <span class='ocrx_word' id='word_1_14' title='bbox 374 352 494 423; x_wconf 88' lang='lat' dir='ltr'><strong>undique</strong></span> <span class='ocrx_word' id='word_1_15' title='bbox 501 367 535 406; x_wconf 82' lang='lat' dir='ltr'><strong>ex</strong></span> <span class='ocrx_word' id='word_1_16' title='bbox 544 351 676 406; x_wconf 86' lang='lat' dir='ltr'><strong>veteribus</strong></span> <span class='ocrx_word' id='word_1_17' title='bbox 685 350 802 422; x_wconf 88' lang='lat' dir='ltr'><strong>Pompeii</strong></span> <span class='ocrx_word' id='word_1_18' title='bbox 811 349 976 405; x_wconf 79' lang='lat' dir='ltr'>exercitibus</span> 
     </span>
     <span class='ocr_line' id='line_1_4' title="bbox 174 423 976 498; baseline 0 -18"><span class='ocrx_word' id='word_1_19' title='bbox 174 441 222 497; x_wconf 86' lang='lat' dir='ltr'><strong>spe</strong></span> <span class='ocrx_word' id='word_1_20' title='bbox 237 425 414 498; x_wconf 86' lang='lat' dir='ltr'><strong>praemiorum</strong></span> <span class='ocrx_word' id='word_1_21' title='bbox 433 434 511 498; x_wconf 85' lang='lat' dir='ltr'><strong>atque</strong></span> <span class='ocrx_word' id='word_1_22' title='bbox 527 426 650 481; x_wconf 80' lang='lat' dir='ltr'>ordinum</span> <span class='ocrx_word' id='word_1_23' title='bbox 669 433 823 481; x_wconf 73' lang='lat' dir='ltr'><strong>evomatur:</strong></span> <span class='ocrx_word' id='word_1_24' title='bbox 845 423 926 479; x_wconf 89' lang='lat' dir='ltr'><strong>multi</strong></span> <span class='ocrx_word' id='word_1_25' title='bbox 941 442 976 480; x_wconf 82' lang='lat' dir='ltr'><strong>ex</strong></span> 
     </span>
     <span class='ocr_line' id='line_1_5' title="bbox 174 499 974 576; baseline -0.003 -20"><span class='ocrx_word' id='word_1_26' title='bbox 174 500 280 556; x_wconf 87' lang='lat' dir='ltr'><strong>duabus</strong></span> <span class='ocrx_word' id='word_1_27' title='bbox 297 499 459 576; x_wconf 75' lang='lat' dir='ltr'><strong>legionibus,</strong></span> <span class='ocrx_word' id='word_1_28' title='bbox 483 517 552 572; x_wconf 85' lang='lat' dir='ltr'><strong>quaa</strong></span> <span class='ocrx_word' id='word_1_29' title='bbox 573 507 637 555; x_wconf 89' lang='lat' dir='ltr'><strong>sunt</strong></span> <span class='ocrx_word' id='word_1_30' title='bbox 658 500 800 554; x_wconf 71' lang='lat' dir='ltr'><strong>uansditaa</strong></span> <span class='ocrx_word' id='word_1_31' title='bbox 818 516 833 554; x_wconf 89' lang='lat' dir='ltr'><strong>a</strong></span> <span class='ocrx_word' id='word_1_32' title='bbox 850 499 974 560; x_wconf 75' lang='lat' dir='ltr'><strong>Caesare,</strong></span> 
     </span>
     <span class='ocr_line' id='line_1_6' title="bbox 174 574 973 647; baseline -0.003 -17"><span class='ocrx_word' id='word_1_33' title='bbox 174 582 356 630; x_wconf 86' lang='lat' dir='ltr'><strong>arcessuntur:</strong></span> <span class='ocrx_word' id='word_1_34' title='bbox 368 574 512 647; x_wconf 84' lang='lat' dir='ltr'><strong>completur</strong></span> <span class='ocrx_word' id='word_1_35' title='bbox 521 575 586 630; x_wconf 86' lang='lat' dir='ltr'><strong>urbe</strong></span> <span class='ocrx_word' id='word_1_36' title='bbox 595 583 620 630; x_wconf 90' lang='lat' dir='ltr'><strong>et</strong></span> <span class='ocrx_word' id='word_1_37' title='bbox 629 575 686 630; x_wconf 90' lang='lat' dir='ltr'><strong>eius</strong></span> <span class='ocrx_word' id='word_1_38' title='bbox 695 575 832 629; x_wconf 86' lang='lat' dir='ltr'><strong>comitium</strong></span> <span class='ocrx_word' id='word_1_39' title='bbox 842 574 973 641; x_wconf 80' lang='lat' dir='ltr'><strong>tribunis,</strong></span> 
     </span>
     <span class='ocr_line' id='line_1_7' title="bbox 174 647 977 715; baseline -0.001 -10"><span class='ocrx_word' id='word_1_40' title='bbox 174 649 382 715; x_wconf 77' lang='lat' dir='ltr'><strong>centurionibus,</strong></span> <span class='ocrx_word' id='word_1_41' title='bbox 397 651 517 706; x_wconf 79' lang='lat' dir='ltr'><strong>evocatis.</strong></span> <span class='ocrx_word' id='word_1_42' title='bbox 548 649 646 705; x_wconf 79' lang='lat' dir='ltr'><strong>Omnes</strong></span> <span class='ocrx_word' id='word_1_43' title='bbox 661 649 739 704; x_wconf 89' lang='lat' dir='ltr'><strong>amici</strong></span> <span class='ocrx_word' id='word_1_44' title='bbox 751 647 904 713; x_wconf 83' lang='lat' dir='ltr'><strong>consulum,</strong></span> <span class='ocrx_word' id='word_1_45' title='bbox 928 667 977 704; x_wconf 82' lang='lat' dir='ltr'><strong>ne-</strong></span> 
     </span>
     <span class='ocr_line' id='line_1_8' title="bbox 175 722 975 797; baseline -0.001 -17"><span class='ocrx_word' id='word_1_46' title='bbox 175 724 281 780; x_wconf 86' lang='lat' dir='ltr'><strong>cessarii</strong></span> <span class='ocrx_word' id='word_1_47' title='bbox 299 725 415 797; x_wconf 86' lang='lat' dir='ltr'><strong>Pompeii</strong></span> <span class='ocrx_word' id='word_1_48' title='bbox 429 733 508 797; x_wconf 86' lang='lat' dir='ltr'><strong>atque</strong></span> <span class='ocrx_word' id='word_1_49' title='bbox 523 741 623 789; x_wconf 89' lang='lat' dir='ltr'><strong>eorum,</strong></span> <span class='ocrx_word' id='word_1_50' title='bbox 643 725 690 796; x_wconf 88' lang='lat' dir='ltr'><strong>qui</strong></span> <span class='ocrx_word' id='word_1_51' title='bbox 703 731 802 780; x_wconf 82' lang='lat' dir='ltr'><strong>veteres</strong></span> <span class='ocrx_word' id='word_1_52' title='bbox 818 722 975 779; x_wconf 88' lang='lat' dir='ltr'><strong>inimicitias</strong></span> 
     </span>
     <span class='ocr_line' id='line_1_9' title="bbox 175 798 975 874; baseline -0.001 -20"><span class='ocrx_word' id='word_1_53' title='bbox 175 817 237 854; x_wconf 87' lang='lat' dir='ltr'><strong>cum</strong></span> <span class='ocrx_word' id='word_1_54' title='bbox 248 798 356 854; x_wconf 79' lang='lat' dir='ltr'><strong>Caesare</strong></span> <span class='ocrx_word' id='word_1_55' title='bbox 368 800 501 873; x_wconf 82' lang='lat' dir='ltr'><strong>gerebant,</strong></span> <span class='ocrx_word' id='word_1_56' title='bbox 521 799 550 854; x_wconf 89' lang='lat' dir='ltr'><strong>in</strong></span> <span class='ocrx_word' id='word_1_57' title='bbox 563 806 683 854; x_wconf 86' lang='lat' dir='ltr'><strong>senatum</strong></span> <span class='ocrx_word' id='word_1_58' title='bbox 692 807 833 874; x_wconf 79' lang='lat' dir='ltr'><strong>coguntur,</strong></span> <span class='ocrx_word' id='word_1_59' title='bbox 854 815 975 870; x_wconf 87' lang='lat' dir='ltr'><strong>quorum</strong></span> 
     </span>
     <span class='ocr_line' id='line_1_10' title="bbox 176 871 1026 938; baseline 0 -10"><span class='ocrx_word' id='word_1_60' title='bbox 176 871 286 928; x_wconf 83' lang='lat' dir='ltr'><strong>vocibus</strong></span> <span class='ocrx_word' id='word_1_61' title='bbox 296 880 321 927; x_wconf 85' lang='lat' dir='ltr'><strong>et</strong></span> <span class='ocrx_word' id='word_1_62' title='bbox 330 889 459 929; x_wconf 89' lang='lat' dir='ltr'><strong>concursu</strong></span> <span class='ocrx_word' id='word_1_63' title='bbox 467 881 596 930; x_wconf 86' lang='lat' dir='ltr'><strong>terrentur</strong></span> <span class='ocrx_word' id='word_1_64' title='bbox 605 874 771 938; x_wconf 79' lang='lat' dir='ltr'><strong>infirmiores,</strong></span> <span class='ocrx_word' id='word_1_65' title='bbox 788 872 865 927; x_wconf 91' lang='lat' dir='ltr'><strong>dubii</strong></span> <span class='ocrx_word' id='word_1_66' title='bbox 875 874 977 930; x_wconf 86' lang='lat' dir='ltr'><strong>confir·</strong></span> <span class='ocrx_word' id='word_1_67' title='bbox 1025 923 1026 938; x_wconf 70' lang='lat'><strong>,</strong></span> 
     </span>
     <span class='ocr_line' id='line_1_11' title="bbox 176 947 977 1020; baseline 0.006 -18"><span class='ocrx_word' id='word_1_68' title='bbox 176 954 292 1012; x_wconf 87' lang='lat' dir='ltr'><strong>mantur,</strong></span> <span class='ocrx_word' id='word_1_69' title='bbox 312 947 445 1020; x_wconf 81' lang='lat' dir='ltr'><strong>plerisque</strong></span> <span class='ocrx_word' id='word_1_70' title='bbox 457 965 520 1004; x_wconf 76' lang='lat' dir='ltr'><strong>vero</strong></span> <span class='ocrx_word' id='word_1_71' title='bbox 535 947 616 1004; x_wconf 86' lang='lat' dir='ltr'><strong>libere</strong></span> <span class='ocrx_word' id='word_1_72' title='bbox 631 947 786 1004; x_wconf 81' lang='lat' dir='ltr'><strong>decernendi</strong></span> <span class='ocrx_word' id='word_1_73' title='bbox 795 956 913 1020; x_wconf 72' lang='lat' dir='ltr'><strong>retectas</strong></span> <span class='ocrx_word' id='word_1_74' title='bbox 922 948 977 1006; x_wconf 80' lang='lat' dir='ltr'><strong>eri·</strong></span> 
     </span>
     <span class='ocr_line' id='line_1_12' title="bbox 176 1020 978 1094; baseline 0.005 -18"><span class='ocrx_word' id='word_1_75' title='bbox 176 1023 258 1094; x_wconf 86' lang='lat' dir='ltr'><strong>pitur.</strong></span> <span class='ocrx_word' id='word_1_76' title='bbox 279 1020 416 1077; x_wconf 88' lang='lat' dir='ltr'><strong>Pollicelur</strong></span> <span class='ocrx_word' id='word_1_77' title='bbox 426 1023 454 1077; x_wconf 90' lang='lat' dir='ltr'><strong>L.</strong></span> <span class='ocrx_word' id='word_1_78' title='bbox 464 1023 634 1087; x_wconf 81' lang='lat' dir='ltr'><strong>Pisonensor,</strong></span> <span class='ocrx_word' id='word_1_79' title='bbox 655 1024 821 1078; x_wconf 85' lang='lat' dir='ltr'><strong>seseiturum</strong></span> <span class='ocrx_word' id='word_1_80' title='bbox 834 1022 867 1078; x_wconf 84' lang='lat' dir='ltr'><strong>ad</strong></span> <span class='ocrx_word' id='word_1_81' title='bbox 878 1024 978 1080; x_wconf 84' lang='lat' dir='ltr'><strong>Caesa-</strong></span> 
     </span>
     <span class='ocr_line' id='line_1_13' title="bbox 175 1095 977 1170; baseline 0.004 -19"><span class='ocrx_word' id='word_1_82' title='bbox 175 1113 245 1164; x_wconf 83' lang='lat' dir='ltr'><strong>rern;</strong></span> <span class='ocrx_word' id='word_1_83' title='bbox 267 1095 329 1152; x_wconf 86' lang='lat' dir='ltr'><strong>item</strong></span> <span class='ocrx_word' id='word_1_84' title='bbox 343 1097 375 1152; x_wconf 87' lang='lat' dir='ltr'><strong>L.</strong></span> <span class='ocrx_word' id='word_1_85' title='bbox 390 1097 499 1153; x_wconf 81' lang='lat' dir='ltr'><strong>Roscius</strong></span> <span class='ocrx_word' id='word_1_86' title='bbox 513 1107 623 1170; x_wconf 83' lang='lat' dir='ltr'><strong>praetor,</strong></span> <span class='ocrx_word' id='word_1_87' title='bbox 642 1099 689 1170; x_wconf 89' lang='lat' dir='ltr'><strong>qui</strong></span> <span class='ocrx_word' id='word_1_88' title='bbox 701 1097 734 1154; x_wconf 92' lang='lat' dir='ltr'><strong>de</strong></span> <span class='ocrx_word' id='word_1_89' title='bbox 746 1098 790 1152; x_wconf 90' lang='lat' dir='ltr'><strong>bis</strong></span> <span class='ocrx_word' id='word_1_90' title='bbox 809 1095 891 1153; x_wconf 85' lang='lat' dir='ltr'><strong>rebus</strong></span> <span class='ocrx_word' id='word_1_91' title='bbox 910 1115 977 1156; x_wconf 86' lang='lat' dir='ltr'><strong>eum</strong></span> 
     </span>
     <span class='ocr_line' id='line_1_14' title="bbox 175 1171 977 1246; baseline 0.001 -19"><span class='ocrx_word' id='word_1_92' title='bbox 175 1171 297 1227; x_wconf 82' lang='lat' dir='ltr'><strong>doceant:</strong></span> <span class='ocrx_word' id='word_1_93' title='bbox 317 1187 365 1226; x_wconf 84' lang='lat' dir='ltr'><strong>sex</strong></span> <span class='ocrx_word' id='word_1_94' title='bbox 378 1171 434 1227; x_wconf 90' lang='lat' dir='ltr'><strong>dies</strong></span> <span class='ocrx_word' id='word_1_95' title='bbox 447 1172 481 1228; x_wconf 89' lang='lat' dir='ltr'><strong>ad</strong></span> <span class='ocrx_word' id='word_1_96' title='bbox 494 1189 551 1228; x_wconf 87' lang='lat' dir='ltr'><strong>eam</strong></span> <span class='ocrx_word' id='word_1_97' title='bbox 564 1191 619 1229; x_wconf 88' lang='lat' dir='ltr'><strong>rem</strong></span> <span class='ocrx_word' id='word_1_98' title='bbox 633 1172 821 1229; x_wconf 85' lang='lat' dir='ltr'><strong>conficiendam</strong></span> <span class='ocrx_word' id='word_1_99' title='bbox 835 1173 915 1244; x_wconf 88' lang='lat' dir='ltr'><strong>spatii</strong></span> <span class='ocrx_word' id='word_1_100' title='bbox 925 1191 977 1246; x_wconf 87' lang='lat' dir='ltr'><strong>po-</strong></span> 
     </span>
     <span class='ocr_line' id='line_1_15' title="bbox 175 1245 977 1322; baseline 0.004 -23"><span class='ocrx_word' id='word_1_101' title='bbox 175 1245 285 1301; x_wconf 87' lang='lat' dir='ltr'><strong>stulant.</strong></span> <span class='ocrx_word' id='word_1_102' title='bbox 297 1247 425 1302; x_wconf 79' lang='lat' dir='ltr'><strong>Dicuntur</strong></span> <span class='ocrx_word' id='word_1_103' title='bbox 434 1249 512 1302; x_wconf 87' lang='lat' dir='ltr'><strong>etiam</strong></span> <span class='ocrx_word' id='word_1_104' title='bbox 522 1265 537 1303; x_wconf 89' lang='lat' dir='ltr'><strong>a</strong></span> <span class='ocrx_word' id='word_1_105' title='bbox 547 1247 683 1302; x_wconf 85' lang='lat' dir='ltr'><strong>nonnullis</strong></span> <span class='ocrx_word' id='word_1_106' title='bbox 693 1247 842 1314; x_wconf 81' lang='lat' dir='ltr'><strong>sententiae,</strong></span> <span class='ocrx_word' id='word_1_107' title='bbox 852 1255 884 1303; x_wconf 89' lang='lat' dir='ltr'><strong>ut</strong></span> <span class='ocrx_word' id='word_1_108' title='bbox 894 1247 977 1322; x_wconf 81' lang='lat' dir='ltr'><strong>legati</strong></span> 
     </span>
     <span class='ocr_line' id='line_1_16' title="bbox 175 1320 976 1396; baseline 0.005 -20"><span class='ocrx_word' id='word_1_109' title='bbox 175 1321 209 1376; x_wconf 89' lang='lat' dir='ltr'><strong>ad</strong></span> <span class='ocrx_word' id='word_1_110' title='bbox 218 1320 355 1378; x_wconf 85' lang='lat' dir='ltr'><strong>Caesarem</strong></span> <span class='ocrx_word' id='word_1_111' title='bbox 368 1323 513 1390; x_wconf 85' lang='lat' dir='ltr'><strong>mittantur,</strong></span> <span class='ocrx_word' id='word_1_112' title='bbox 527 1321 576 1396; x_wconf 80' lang='lat' dir='ltr'><strong>qui</strong></span> <span class='ocrx_word' id='word_1_113' title='bbox 586 1321 747 1378; x_wconf 84' lang='lat' dir='ltr'><strong>voluntatem</strong></span> <span class='ocrx_word' id='word_1_114' title='bbox 755 1329 863 1378; x_wconf 82' lang='lat' dir='ltr'><strong>senatus</strong></span> <span class='ocrx_word' id='word_1_115' title='bbox 875 1323 902 1380; x_wconf 90' lang='lat' dir='ltr'><strong>ei</strong></span> <span class='ocrx_word' id='word_1_116' title='bbox 912 1339 976 1396; x_wconf 87' lang='lat' dir='ltr'><strong>pro·</strong></span> 
     </span>
     <span class='ocr_line' id='line_1_17' title="bbox 208 1403 764 1453; baseline -0.002 0"><span class='ocrx_word' id='word_1_117' title='bbox 208 1403 281 1453; x_wconf 86' lang='lat' dir='ltr'><strong>nant.</strong></span> <span class='ocrx_word' id='word_1_118' title='bbox 621 1431 624 1434; x_wconf 96' lang='lat'>-</span> <span class='ocrx_word' id='word_1_119' title='bbox 762 1432 764 1438; x_wconf 90' lang='lat'>·</span> 
     </span>
     <span class='ocr_line' id='line_1_18' title="bbox 175 1413 975 1544; baseline 0 -15"><span class='ocrx_word' id='word_1_120' title='bbox 175 1413 210 1470; x_wconf 56' lang='lat' dir='ltr'><strong>po</strong></span> <span class='ocrx_word' id='word_1_121' title='bbox 229 1471 265 1529; x_wconf 82' lang='lat' dir='ltr'><strong>tv</strong></span> <span class='ocrx_word' id='word_1_122' title='bbox 268 1515 274 1528; x_wconf 92' lang='lat'><em>.</em></span> <span class='ocrx_word' id='word_1_123' title='bbox 289 1470 423 1529; x_wconf 85' lang='lat' dir='ltr'><strong>Omnibus</strong></span> <span class='ocrx_word' id='word_1_124' title='bbox 430 1471 473 1526; x_wconf 88' lang='lat' dir='ltr'><strong>bis</strong></span> <span class='ocrx_word' id='word_1_125' title='bbox 483 1471 621 1530; x_wconf 85' lang='lat' dir='ltr'><strong>resistitur.</strong></span> <span class='ocrx_word' id='word_1_126' title='bbox 629 1471 809 1544; x_wconf 86' lang='lat' dir='ltr'><strong>omnibusque</strong></span> <span class='ocrx_word' id='word_1_127' title='bbox 817 1472 901 1528; x_wconf 86' lang='lat' dir='ltr'><strong>oratio</strong></span> <span class='ocrx_word' id='word_1_128' title='bbox 909 1490 975 1529; x_wconf 87' lang='lat' dir='ltr'><strong>con-</strong></span> 
     </span>
     <span class='ocr_line' id='line_1_19' title="bbox 176 1545 976 1620; baseline 0.001 -18"><span class='ocrx_word' id='word_1_129' title='bbox 176 1545 254 1612; x_wconf 88' lang='lat' dir='ltr'><strong>sulis,</strong></span> <span class='ocrx_word' id='word_1_130' title='bbox 275 1547 414 1620; x_wconf 87' lang='lat' dir='ltr'><strong>Scipionis,</strong></span> <span class='ocrx_word' id='word_1_131' title='bbox 435 1547 540 1603; x_wconf 87' lang='lat' dir='ltr'><strong>Catonis</strong></span> <span class='ocrx_word' id='word_1_132' title='bbox 558 1547 712 1618; x_wconf 86' lang='lat' dir='ltr'><strong>opponitur.</strong></span> <span class='ocrx_word' id='word_1_133' title='bbox 737 1545 976 1603; x_wconf 84' lang='lat' dir='ltr'><strong>Catonemreteres</strong></span> 
     </span>
     <span class='ocr_line' id='line_1_20' title="bbox 176 1620 976 1692; baseline 0 -13"><span class='ocrx_word' id='word_1_134' title='bbox 176 1622 329 1679; x_wconf 86' lang='lat' dir='ltr'><strong>inimicitiae</strong></span> <span class='ocrx_word' id='word_1_135' title='bbox 336 1621 457 1679; x_wconf 79' lang='lat' dir='ltr'><strong>Caesaris</strong></span> <span class='ocrx_word' id='word_1_136' title='bbox 465 1621 576 1678; x_wconf 84' lang='lat' dir='ltr'><strong>incitant</strong></span> <span class='ocrx_word' id='word_1_137' title='bbox 584 1629 609 1676; x_wconf 86' lang='lat' dir='ltr'><strong>et</strong></span> <span class='ocrx_word' id='word_1_138' title='bbox 616 1620 690 1676; x_wconf 89' lang='lat' dir='ltr'><strong>dolor</strong></span> <span class='ocrx_word' id='word_1_139' title='bbox 698 1620 827 1692; x_wconf 83' lang='lat' dir='ltr'><strong>repulsae.</strong></span> <span class='ocrx_word' id='word_1_140' title='bbox 842 1621 976 1680; x_wconf 85' lang='lat' dir='ltr'><strong>Lentulus</strong></span> 
     </span>
     <span class='ocr_line' id='line_1_21' title="bbox 176 1696 976 1772; baseline 0 -19"><span class='ocrx_word' id='word_1_141' title='bbox 176 1698 244 1754; x_wconf 84' lang='lat' dir='ltr'><strong>aeris</strong></span> <span class='ocrx_word' id='word_1_142' title='bbox 253 1696 332 1754; x_wconf 90' lang='lat' dir='ltr'><strong>alieni</strong></span> <span class='ocrx_word' id='word_1_143' title='bbox 342 1696 524 1772; x_wconf 78' lang='lat' dir='ltr'><strong>magnitudine</strong></span> <span class='ocrx_word' id='word_1_144' title='bbox 537 1704 563 1752; x_wconf 85' lang='lat' dir='ltr'><strong>et</strong></span> <span class='ocrx_word' id='word_1_145' title='bbox 576 1713 623 1768; x_wconf 87' lang='lat' dir='ltr'><strong>spe</strong></span> <span class='ocrx_word' id='word_1_146' title='bbox 635 1696 765 1752; x_wconf 85' lang='lat' dir='ltr'><strong>exercitus</strong></span> <span class='ocrx_word' id='word_1_147' title='bbox 779 1711 809 1750; x_wconf 93' lang='lat' dir='ltr'><strong>ac</strong></span> <span class='ocrx_word' id='word_1_148' title='bbox 822 1698 976 1767; x_wconf 86' lang='lat' dir='ltr'><strong>provincia-</strong></span> 
     </span>
     <span class='ocr_line' id='line_1_22' title="bbox 177 1769 972 1847; baseline -0.001 -19"><span class='ocrx_word' id='word_1_149' title='bbox 177 1789 239 1828; x_wconf 87' lang='lat' dir='ltr'><strong>rum</strong></span> <span class='ocrx_word' id='word_1_150' title='bbox 258 1780 283 1828; x_wconf 84' lang='lat' dir='ltr'><strong>at</strong></span> <span class='ocrx_word' id='word_1_151' title='bbox 301 1789 394 1847; x_wconf 81' lang='lat' dir='ltr'><strong>regum</strong></span> <span class='ocrx_word' id='word_1_152' title='bbox 409 1771 624 1844; x_wconf 75' lang='lat' dir='ltr'><strong>adpellandorum</strong></span> <span class='ocrx_word' id='word_1_153' title='bbox 640 1769 825 1844; x_wconf 78' lang='lat' dir='ltr'><strong>largitionibus</strong></span> <span class='ocrx_word' id='word_1_154' title='bbox 837 1783 972 1836; x_wconf 84' lang='lat' dir='ltr'><strong>movetur,</strong></span> 
     </span>
     <span class='ocr_line' id='line_1_23' title="bbox 177 1843 975 1918; baseline 0 -16"><span class='ocrx_word' id='word_1_155' title='bbox 177 1863 259 1918; x_wconf 87' lang='lat' dir='ltr'><strong>seque</strong></span> <span class='ocrx_word' id='word_1_156' title='bbox 277 1847 388 1903; x_wconf 86' lang='lat' dir='ltr'><strong>altorum</strong></span> <span class='ocrx_word' id='word_1_157' title='bbox 407 1846 461 1902; x_wconf 87' lang='lat' dir='ltr'><strong>lore</strong></span> <span class='ocrx_word' id='word_1_158' title='bbox 479 1845 581 1902; x_wconf 83' lang='lat' dir='ltr'><strong>Sullunr</strong></span> <span class='ocrx_word' id='word_1_159' title='bbox 600 1845 666 1900; x_wconf 86' lang='lat' dir='ltr'><strong>inter</strong></span> <span class='ocrx_word' id='word_1_160' title='bbox 687 1861 752 1900; x_wconf 82' lang='lat' dir='ltr'><strong>suos·</strong></span> <span class='ocrx_word' id='word_1_161' title='bbox 767 1843 910 1918; x_wconf 80' lang='lat' dir='ltr'><strong>gloriatur,</strong></span> <span class='ocrx_word' id='word_1_162' title='bbox 941 1847 975 1902; x_wconf 89' lang='lat' dir='ltr'><strong>ad</strong></span> 
     </span>
     <span class='ocr_line' id='line_1_24' title="bbox 176 1919 975 1996; baseline 0.001 -21"><span class='ocrx_word' id='word_1_163' title='bbox 176 1937 258 1993; x_wconf 83' lang='lat' dir='ltr'><strong>quem</strong></span> <span class='ocrx_word' id='word_1_164' title='bbox 276 1939 382 1977; x_wconf 85' lang='lat' dir='ltr'><strong>summa</strong></span> <span class='ocrx_word' id='word_1_165' title='bbox 401 1921 506 1993; x_wconf 87' lang='lat' dir='ltr'><strong>imperii</strong></span> <span class='ocrx_word' id='word_1_166' title='bbox 525 1921 621 1976; x_wconf 82' lang='lat' dir='ltr'><strong>redeat.</strong></span> <span class='ocrx_word' id='word_1_167' title='bbox 644 1919 792 1992; x_wconf 87' lang='lat' dir='ltr'><strong>Scipionem</strong></span> <span class='ocrx_word' id='word_1_168' title='bbox 805 1920 898 1976; x_wconf 84' lang='lat' dir='ltr'><strong>eadem</strong></span> <span class='ocrx_word' id='word_1_169' title='bbox 913 1939 975 1996; x_wconf 84' lang='lat' dir='ltr'><strong>spes</strong></span> 
     </span>
     <span class='ocr_line' id='line_1_25' title="bbox 177 1993 975 2068; baseline 0.006 -20"><span class='ocrx_word' id='word_1_170' title='bbox 177 1995 414 2068; x_wconf 83' lang='lat' dir='ltr'><strong>provinciaeatque</strong></span> <span class='ocrx_word' id='word_1_171' title='bbox 423 1995 585 2051; x_wconf 85' lang='lat' dir='ltr'><strong>exercituum</strong></span> <span class='ocrx_word' id='word_1_172' title='bbox 596 1993 716 2066; x_wconf 81' lang='lat' dir='ltr'><strong>impellit,</strong></span> <span class='ocrx_word' id='word_1_173' title='bbox 736 2010 805 2066; x_wconf 89' lang='lat' dir='ltr'><strong>quos</strong></span> <span class='ocrx_word' id='word_1_174' title='bbox 821 2011 850 2048; x_wconf 89' lang='lat' dir='ltr'><strong>se</strong></span> <span class='ocrx_word' id='word_1_175' title='bbox 864 2013 914 2068; x_wconf 90' lang='lat' dir='ltr'><strong>pre</strong></span> <span class='ocrx_word' id='word_1_176' title='bbox 929 2013 975 2052; x_wconf 88' lang='lat' dir='ltr'><strong>ne-</strong></span> 
     </span>
     <span class='ocr_line' id='line_1_26' title="bbox 177 2068 974 2142; baseline 0.003 -20"><span class='ocrx_word' id='word_1_177' title='bbox 177 2068 336 2124; x_wconf 85' lang='lat' dir='ltr'><strong>cessitudine</strong></span> <span class='ocrx_word' id='word_1_178' title='bbox 344 2071 503 2140; x_wconf 85' lang='lat' dir='ltr'><strong>partiturum</strong></span> <span class='ocrx_word' id='word_1_179' title='bbox 512 2087 574 2124; x_wconf 87' lang='lat' dir='ltr'><strong>cum</strong></span> <span class='ocrx_word' id='word_1_180' title='bbox 583 2069 868 2142; x_wconf 82' lang='lat' dir='ltr'><strong>Pompeioerbitratur3</strong></span> <span class='ocrx_word' id='word_1_181' title='bbox 891 2070 974 2128; x_wconf 88' lang='lat' dir='ltr'><strong>simul</strong></span> 
     </span>
     <span class='ocr_line' id='line_1_27' title="bbox 178 2141 975 2220; baseline 0.003 -21"><span class='ocrx_word' id='word_1_182' title='bbox 178 2141 336 2199; x_wconf 87' lang='lat' dir='ltr'><strong>iudiciorum</strong></span> <span class='ocrx_word' id='word_1_183' title='bbox 348 2152 443 2210; x_wconf 85' lang='lat' dir='ltr'><strong>metus,</strong></span> <span class='ocrx_word' id='word_1_184' title='bbox 464 2143 579 2200; x_wconf 79' lang='lat' dir='ltr'><strong>adulatio</strong></span> <span class='ocrx_word' id='word_1_185' title='bbox 592 2153 670 2216; x_wconf 86' lang='lat' dir='ltr'><strong>atque</strong></span> <span class='ocrx_word' id='word_1_186' title='bbox 683 2144 819 2199; x_wconf 75' lang='lat' dir='ltr'><strong>ostentatio</strong></span> <span class='ocrx_word' id='word_1_187' title='bbox 833 2145 877 2200; x_wconf 90' lang='lat' dir='ltr'><strong>sui</strong></span> <span class='ocrx_word' id='word_1_188' title='bbox 892 2155 919 2201; x_wconf 83' lang='lat' dir='ltr'><strong>et</strong></span> <span class='ocrx_word' id='word_1_189' title='bbox 928 2163 975 2220; x_wconf 85' lang='lat' dir='ltr'><strong>po-</strong></span> 
     </span>
     <span class='ocr_line' id='line_1_28' title="bbox 177 2211 974 2292; baseline 0.004 -18"><span class='ocrx_word' id='word_1_190' title='bbox 177 2217 299 2282; x_wconf 83' lang='lat' dir='ltr'><strong>tentium,</strong></span> <span class='ocrx_word' id='word_1_191' title='bbox 319 2218 367 2289; x_wconf 89' lang='lat' dir='ltr'><strong>qui</strong></span> <span class='ocrx_word' id='word_1_192' title='bbox 387 2218 415 2272; x_wconf 87' lang='lat' dir='ltr'><strong>in</strong></span> <span class='ocrx_word' id='word_1_193' title='bbox 427 2211 733 2290; x_wconf 81' lang='lat' dir='ltr'><strong>republica&#39;iudiciisque</strong></span> <span class='ocrx_word' id='word_1_194' title='bbox 751 2217 809 2272; x_wconf 81' lang='lat' dir='ltr'><strong>turn</strong></span> <span class='ocrx_word' id='word_1_195' title='bbox 823 2218 974 2292; x_wconf 86' lang='lat' dir='ltr'><strong>plurimum</strong></span> 
     </span>
     <span class='ocr_line' id='line_1_29' title="bbox 177 2291 975 2368; baseline 0.005 -20"><span class='ocrx_word' id='word_1_196' title='bbox 177 2292 320 2368; x_wconf 84' lang='lat' dir='ltr'><strong>pollebunt.</strong></span> <span class='ocrx_word' id='word_1_197' title='bbox 340 2293 399 2364; x_wconf 85' lang='lat' dir='ltr'><strong>lpse</strong></span> <span class='ocrx_word' id='word_1_198' title='bbox 408 2293 557 2365; x_wconf 86' lang='lat' dir='ltr'><strong>Pompeius,</strong></span> <span class='ocrx_word' id='word_1_199' title='bbox 576 2295 610 2349; x_wconf 91' lang='lat' dir='ltr'><strong>ab</strong></span> <span class='ocrx_word' id='word_1_200' title='bbox 623 2293 739 2349; x_wconf 88' lang='lat' dir='ltr'><strong>inimicis</strong></span> <span class='ocrx_word' id='word_1_201' title='bbox 750 2291 869 2349; x_wconf 84' lang='lat' dir='ltr'><strong>Caesaris</strong></span> <span class='ocrx_word' id='word_1_202' title='bbox 883 2297 975 2352; x_wconf 76' lang='lat' dir='ltr'><strong>incita-</strong></span> 
     </span>
     <span class='ocr_line' id='line_1_30' title="bbox 179 2367 975 2442; baseline 0.001 -17"><span class='ocrx_word' id='word_1_203' title='bbox 179 2379 222 2425; x_wconf 87' lang='lat' dir='ltr'><strong>tus</strong></span> <span class='ocrx_word' id='word_1_204' title='bbox 232 2376 265 2433; x_wconf 86' lang='lat' dir='ltr'><strong>el,</strong></span> <span class='ocrx_word' id='word_1_205' title='bbox 279 2367 352 2441; x_wconf 91' lang='lat' dir='ltr'><strong>quod</strong></span> <span class='ocrx_word' id='word_1_206' title='bbox 365 2369 498 2423; x_wconf 87' lang='lat' dir='ltr'><strong>neminem</strong></span> <span class='ocrx_word' id='word_1_207' title='bbox 509 2384 598 2422; x_wconf 87' lang='lat' dir='ltr'><strong>secum</strong></span> <span class='ocrx_word' id='word_1_208' title='bbox 613 2368 739 2442; x_wconf 79' lang='lat' dir='ltr'><strong>dignitate</strong></span> <span class='ocrx_word' id='word_1_209' title='bbox 749 2372 893 2440; x_wconf 81' lang='lat' dir='ltr'><strong>exaequari</strong></span> <span class='ocrx_word' id='word_1_210' title='bbox 904 2371 975 2426; x_wconf 80' lang='lat' dir='ltr'><strong>vole-</strong></span> 
     </span>
     <span class='ocr_line' id='line_1_31' title="bbox 178 2442 975 2509; baseline -0.003 -9"><span class='ocrx_word' id='word_1_211' title='bbox 178 2445 232 2508; x_wconf 87' lang='lat' dir='ltr'><strong>bat,</strong></span> <span class='ocrx_word' id='word_1_212' title='bbox 244 2453 327 2498; x_wconf 85' lang='lat' dir='ltr'><strong>tctum</strong></span> <span class='ocrx_word' id='word_1_213' title='bbox 337 2459 366 2498; x_wconf 82' lang='lat' dir='ltr'><strong>se</strong></span> <span class='ocrx_word' id='word_1_214' title='bbox 375 2444 408 2498; x_wconf 80' lang='lat' dir='ltr'><strong>ab</strong></span> <span class='ocrx_word' id='word_1_215' title='bbox 418 2443 475 2498; x_wconf 88' lang='lat' dir='ltr'><strong>cius</strong></span> <span class='ocrx_word' id='word_1_216' title='bbox 485 2442 598 2509; x_wconf 81' lang='lat' dir='ltr'><strong>amicitia</strong></span> <span class='ocrx_word' id='word_1_217' title='bbox 609 2450 734 2498; x_wconf 84' lang='lat' dir='ltr'><strong>averterat</strong></span> <span class='ocrx_word' id='word_1_218' title='bbox 744 2451 770 2496; x_wconf 87' lang='lat' dir='ltr'><strong>et</strong></span> <span class='ocrx_word' id='word_1_219' title='bbox 781 2459 843 2496; x_wconf 88' lang='lat' dir='ltr'><strong>cum</strong></span> <span class='ocrx_word' id='word_1_220' title='bbox 853 2461 975 2502; x_wconf 82' lang='lat' dir='ltr'><strong>commu-</strong></span> 
     </span>
     <span class='ocr_line' id='line_1_32' title="bbox 179 2516 975 2591; baseline 0.005 -19"><span class='ocrx_word' id='word_1_221' title='bbox 179 2518 260 2572; x_wconf 88' lang='lat' dir='ltr'><strong>nibus</strong></span> <span class='ocrx_word' id='word_1_222' title='bbox 270 2518 385 2573; x_wconf 90' lang='lat' dir='ltr'><strong>inimicis</strong></span> <span class='ocrx_word' id='word_1_223' title='bbox 395 2519 423 2574; x_wconf 90' lang='lat' dir='ltr'><strong>in</strong></span> <span class='ocrx_word' id='word_1_224' title='bbox 433 2517 544 2591; x_wconf 83' lang='lat' dir='ltr'><strong>gratiam</strong></span> <span class='ocrx_word' id='word_1_225' title='bbox 553 2516 674 2581; x_wconf 85' lang='lat' dir='ltr'><strong>redierat,</strong></span> <span class='ocrx_word' id='word_1_226' title='bbox 695 2533 809 2588; x_wconf 89' lang='lat' dir='ltr'><strong>quorum</strong></span> <span class='ocrx_word' id='word_1_227' title='bbox 820 2517 878 2589; x_wconf 87' lang='lat' dir='ltr'><strong>ipse</strong></span> <span class='ocrx_word' id='word_1_228' title='bbox 889 2521 975 2576; x_wconf 83' lang='lat' dir='ltr'><strong>maxi·</strong></span> 
     </span>
     <span class='ocr_line' id='line_1_33' title="bbox 180 2590 973 2663; baseline 0.005 -19"><span class='ocrx_word' id='word_1_229' title='bbox 180 2608 252 2644; x_wconf 88' lang='lat' dir='ltr'><strong>mam</strong></span> <span class='ocrx_word' id='word_1_230' title='bbox 266 2602 366 2663; x_wconf 84' lang='lat' dir='ltr'><strong>partem</strong></span> <span class='ocrx_word' id='word_1_231' title='bbox 375 2590 571 2648; x_wconf 83' lang='lat' dir='ltr'><strong>illcadlinitntis</strong></span> <span class='ocrx_word' id='word_1_232' title='bbox 581 2598 694 2661; x_wconf 86' lang='lat' dir='ltr'><strong>ternpore</strong></span> <span class='ocrx_word' id='word_1_233' title='bbox 704 2591 973 2650; x_wconf 71' lang='lat' dir='ltr'><strong>iniunxeratCaesari.</strong></span> 
     </span>
     <span class='ocr_line' id='line_1_34' title="bbox 180 2663 975 2740; baseline 0.009 -22"><span class='ocrx_word' id='word_1_234' title='bbox 180 2663 266 2720; x_wconf 84' lang='lat' dir='ltr'><strong>Simul</strong></span> <span class='ocrx_word' id='word_1_235' title='bbox 285 2665 391 2723; x_wconf 85' lang='lat' dir='ltr'><strong>infamia</strong></span> <span class='ocrx_word' id='word_1_236' title='bbox 405 2668 519 2723; x_wconf 86' lang='lat' dir='ltr'><strong>duarum</strong></span> <span class='ocrx_word' id='word_1_237' title='bbox 539 2664 672 2740; x_wconf 81' lang='lat' dir='ltr'><strong>legionum</strong></span> <span class='ocrx_word' id='word_1_238' title='bbox 690 2673 834 2736; x_wconf 83' lang='lat' dir='ltr'><strong>permotus,</strong></span> <span class='ocrx_word' id='word_1_239' title='bbox 854 2684 925 2739; x_wconf 88' lang='lat' dir='ltr'><strong>quas</strong></span> <span class='ocrx_word' id='word_1_240' title='bbox 944 2669 975 2724; x_wconf 80' lang='lat' dir='ltr'><strong>alr</strong></span> 
     </span>
    </p>
   </div>
   <div class='ocr_carea' id='block_1_3' title="bbox 0 0 1043 2998">
    <p class='ocr_par' dir='ltr' id='par_1_3' title="bbox 0 0 1043 2998">
     <span class='ocr_line' id='line_1_35' title="bbox 0 0 1043 2998; baseline 0 0"><span class='ocrx_word' id='word_1_241' title='bbox 0 0 1043 2998; x_wconf 95' lang='lat' dir='ltr'><strong> </strong></span> 
     </span>
    </p>
   </div>
  </div>
 </body>
</html>
