<?xml version="1.0" encoding="UTF-8"?>
<!DOCTYPE html PUBLIC "-//W3C//DTD XHTML 1.0 Transitional//EN"
    "http://www.w3.org/TR/xhtml1/DTD/xhtml1-transitional.dtd">
<html xmlns="http://www.w3.org/1999/xhtml" xml:lang="en" lang="en">
 <head>
  <title>
</title>
<meta http-equiv="Content-Type" content="text/html;charset=utf-8" />
  <meta name='ocr-system' content='tesseract 3.04.00' />
  <meta name='ocr-capabilities' content='ocr_page ocr_carea ocr_par ocr_line ocrx_word'/>
</head>
<body>
  <div class='ocr_page' id='page_1' title='image "./ciuliicaesarisc04caesgoog_0396.png"; bbox 0 0 2042 3004; ppageno 0'>
   <div class='ocr_carea' id='block_1_1' title="bbox 211 149 842 202">
    <p class='ocr_par' dir='ltr' id='par_1_1' title="bbox 211 149 842 202">
     <span class='ocr_line' id='line_1_1' title="bbox 211 149 842 202; baseline -0.002 0"><span class='ocrx_word' id='word_1_1' title='bbox 211 149 506 202; x_wconf 73' lang='lat' dir='ltr'>ALExnunnruo.</span> <span class='ocrx_word' id='word_1_2' title='bbox 537 151 616 198; x_wconf 77' lang='lat' dir='ltr'>GAP.</span> <span class='ocrx_word' id='word_1_3' title='bbox 629 152 672 198; x_wconf 73' lang='lat'>15.</span> <span class='ocrx_word' id='word_1_4' title='bbox 792 149 842 201; x_wconf 83' lang='grc'>393</span> 
     </span>
    </p>
   </div>
   <div class='ocr_carea' id='block_1_2' title="bbox 41 247 844 398">
    <p class='ocr_par' dir='ltr' id='par_1_2' title="bbox 41 247 844 398">
     <span class='ocr_line' id='line_1_2' title="bbox 43 247 843 324; baseline 0.003 -18"><span class='ocrx_word' id='word_1_5' title='bbox 43 249 173 322; x_wconf 74' lang='lat' dir='ltr'>pertinent</span> <span class='ocrx_word' id='word_1_6' title='bbox 189 249 224 305; x_wconf 86' lang='lat' dir='ltr'>ad</span> <span class='ocrx_word' id='word_1_7' title='bbox 240 249 374 324; x_wconf 80' lang='lat' dir='ltr'>regionem</span> <span class='ocrx_word' id='word_1_8' title='bbox 393 247 510 305; x_wconf 68' lang='lat' dir='ltr'>Africae:</span> <span class='ocrx_word' id='word_1_9' title='bbox 529 247 577 323; x_wconf 81' lang='lat' dir='ltr'>(sio</span> <span class='ocrx_word' id='word_1_10' title='bbox 594 251 666 304; x_wconf 89' lang='lat' dir='ltr'>enim</span> <span class='ocrx_word' id='word_1_11' title='bbox 682 251 843 322; x_wconf 81' lang='lat' dir='ltr'>praedicant,</span> 
     </span>
     <span class='ocr_line' id='line_1_3' title="bbox 41 323 844 398; baseline 0.004 -20"><span class='ocrx_word' id='word_1_12' title='bbox 41 332 142 396; x_wconf 85' lang='lat' dir='ltr'>partem</span> <span class='ocrx_word' id='word_1_13' title='bbox 159 323 558 390; x_wconf 59' lang='lat' dir='ltr'>ssseAlexandriae‘dimidiam</span> <span class='ocrx_word' id='word_1_14' title='bbox 575 323 705 398; x_wconf 64' lang='lat' dir='ltr'>Africam)</span> <span class='ocrx_word' id='word_1_15' title='bbox 728 327 844 397; x_wconf 86' lang='lat' dir='ltr'>satisque</span> 
     </span>
    </p>
   </div>
   <div class='ocr_carea' id='block_1_3' title="bbox 8 398 934 2697">
    <p class='ocr_par' dir='ltr' id='par_1_3' title="bbox 39 398 844 690">
     <span class='ocr_line' id='line_1_4' title="bbox 41 398 842 470; baseline 0.001 -17"><span class='ocrx_word' id='word_1_16' title='bbox 41 399 88 454; x_wconf 91' lang='lat' dir='ltr'>diu</span> <span class='ocrx_word' id='word_1_17' title='bbox 97 398 165 453; x_wconf 90' lang='lat' dir='ltr'>inter</span> <span class='ocrx_word' id='word_1_18' title='bbox 174 399 246 470; x_wconf 85' lang='lat' dir='ltr'>ipsos</span> <span class='ocrx_word' id='word_1_19' title='bbox 256 405 296 452; x_wconf 84' lang='lat' dir='ltr'>est</span> <span class='ocrx_word' id='word_1_20' title='bbox 303 405 492 470; x_wconf 82' lang='lat' dir='ltr'>exspectatum,</span> <span class='ocrx_word' id='word_1_21' title='bbox 507 398 542 453; x_wconf 84' lang='lat' dir='ltr'>ab</span> <span class='ocrx_word' id='word_1_22' title='bbox 552 399 619 453; x_wconf 87' lang='lat' dir='ltr'>utris</span> <span class='ocrx_word' id='word_1_23' title='bbox 628 399 783 454; x_wconf 82' lang='lat' dir='ltr'>transeundi</span> <span class='ocrx_word' id='word_1_24' title='bbox 797 400 842 454; x_wconf 89' lang='lat' dir='ltr'>fie-</span> 
     </span>
     <span class='ocr_line' id='line_1_5' title="bbox 40 472 844 544; baseline 0.002 -18"><span class='ocrx_word' id='word_1_25' title='bbox 40 480 79 527; x_wconf 90' lang='lat' dir='ltr'>ret</span> <span class='ocrx_word' id='word_1_26' title='bbox 92 472 215 542; x_wconf 66' lang='lat' dir='ltr'>initium</span> <span class='ocrx_word' id='word_1_27' title='bbox 235 479 371 544; x_wconf 84' lang='lat' dir='ltr'>propterea</span> <span class='ocrx_word' id='word_1_28' title='bbox 384 473 466 543; x_wconf 87' lang='lat' dir='ltr'>quod,</span> <span class='ocrx_word' id='word_1_29' title='bbox 483 473 585 544; x_wconf 82' lang='lat' dir='ltr'>eisqui</span> <span class='ocrx_word' id='word_1_30' title='bbox 600 473 751 538; x_wconf 80' lang='lat' dir='ltr'>intrassent,</span> <span class='ocrx_word' id='word_1_31' title='bbox 772 480 797 528; x_wconf 89' lang='lat' dir='ltr'>et</span> <span class='ocrx_word' id='word_1_32' title='bbox 810 473 844 528; x_wconf 90' lang='lat' dir='ltr'>ad</span> 
     </span>
     <span class='ocr_line' id='line_1_6' title="bbox 39 545 844 617; baseline 0.002 -17"><span class='ocrx_word' id='word_1_33' title='bbox 39 545 224 617; x_wconf 79' lang='lat' dir='ltr'>explioandam</span> <span class='ocrx_word' id='word_1_34' title='bbox 234 547 356 612; x_wconf 85' lang='lat' dir='ltr'>classem,</span> <span class='ocrx_word' id='word_1_35' title='bbox 368 547 436 602; x_wconf 89' lang='lat' dir='ltr'>etad</span> <span class='ocrx_word' id='word_1_36' title='bbox 445 554 590 617; x_wconf 78' lang='lat' dir='ltr'>receptum,</span> <span class='ocrx_word' id='word_1_37' title='bbox 600 548 623 602; x_wconf 90' lang='lat' dir='ltr'>si</span> <span class='ocrx_word' id='word_1_38' title='bbox 633 547 726 604; x_wconf 87' lang='lat' dir='ltr'>durior</span> <span class='ocrx_word' id='word_1_39' title='bbox 734 547 844 603; x_wconf 80' lang='lat' dir='ltr'>sucidis·</span> 
     </span>
     <span class='ocr_line' id='line_1_7' title="bbox 39 619 605 690; baseline 0.004 -16"><span class='ocrx_word' id='word_1_40' title='bbox 39 627 80 674; x_wconf 89' lang='lat' dir='ltr'>set</span> <span class='ocrx_word' id='word_1_41' title='bbox 87 637 175 685; x_wconf 83' lang='lat' dir='ltr'>casus,</span> <span class='ocrx_word' id='word_1_42' title='bbox 187 621 364 690; x_wconf 72' lang='lat' dir='ltr'>impeditiores</span> <span class='ocrx_word' id='word_1_43' title='bbox 374 619 429 676; x_wconf 85' lang='lat' dir='ltr'>iore</span> <span class='ocrx_word' id='word_1_44' title='bbox 437 621 605 676; x_wconf 85' lang='lat' dir='ltr'>videbantur.</span> 
     </span>
    </p>

    <p class='ocr_par' dir='ltr' id='par_1_4' title="bbox 37 693 934 1209">
     <span class='ocr_line' id='line_1_8' title="bbox 96 693 843 766; baseline 0 -18"><span class='ocrx_word' id='word_1_45' title='bbox 96 694 157 748; x_wconf 89' lang='lat' dir='ltr'>XV.</span> <span class='ocrx_word' id='word_1_46' title='bbox 178 693 287 749; x_wconf 85' lang='lat' dir='ltr'>Rhodiis</span> <span class='ocrx_word' id='word_1_47' title='bbox 303 694 418 750; x_wconf 80' lang='lat' dir='ltr'>nauibus</span> <span class='ocrx_word' id='word_1_48' title='bbox 435 703 552 766; x_wconf 73' lang='lat' dir='ltr'>praeerat</span> <span class='ocrx_word' id='word_1_49' title='bbox 569 694 737 766; x_wconf 80' lang='lat' dir='ltr'>Euphranor,</span> <span class='ocrx_word' id='word_1_50' title='bbox 760 694 843 750; x_wconf 86' lang='lat' dir='ltr'>animi</span> 
     </span>
     <span class='ocr_line' id='line_1_9' title="bbox 40 767 841 842; baseline 0 -20"><span class='ocrx_word' id='word_1_51' title='bbox 40 767 226 840; x_wconf 77' lang='lat' dir='ltr'>magnitudine</span> <span class='ocrx_word' id='word_1_52' title='bbox 234 785 264 823; x_wconf 82' lang='lat' dir='ltr'>ao</span> <span class='ocrx_word' id='word_1_53' title='bbox 274 769 371 824; x_wconf 84' lang='lat' dir='ltr'>virtute</span> <span class='ocrx_word' id='word_1_54' title='bbox 386 770 549 842; x_wconf 68' lang='lat' dir='ltr'>magistrum</span> <span class='ocrx_word' id='word_1_55' title='bbox 563 770 661 824; x_wconf 88' lang='lat' dir='ltr'>nostris</span> <span class='ocrx_word' id='word_1_56' title='bbox 675 768 841 834; x_wconf 82' lang='lat' dir='ltr'>hominibus,</span> 
     </span>
     <span class='ocr_line' id='line_1_10' title="bbox 39 841 934 915; baseline 0.002 -19"><span class='ocrx_word' id='word_1_57' title='bbox 39 858 196 913; x_wconf 86' lang='lat' dir='ltr'>quamcum</span> <span class='ocrx_word' id='word_1_58' title='bbox 209 841 315 898; x_wconf 82' lang='lat' dir='ltr'>Graecis</span> <span class='ocrx_word' id='word_1_59' title='bbox 326 843 529 915; x_wconf 70' lang='lat' dir='ltr'>comparandus.</span> <span class='ocrx_word' id='word_1_60' title='bbox 554 845 603 898; x_wconf 85' lang='lat' dir='ltr'>Hie</span> <span class='ocrx_word' id='word_1_61' title='bbox 621 843 656 898; x_wconf 92' lang='lat' dir='ltr'>ob</span> <span class='ocrx_word' id='word_1_62' title='bbox 675 844 841 899; x_wconf 67' lang='lat' dir='ltr'>notissimam</span> <span class='ocrx_word' id='word_1_63' title='bbox 927 860 934 868; x_wconf 97' lang='lat'>·</span> 
     </span>
     <span class='ocr_line' id='line_1_11' title="bbox 39 915 842 991; baseline 0.002 -21"><span class='ocrx_word' id='word_1_64' title='bbox 39 915 178 972; x_wconf 82' lang='lat' dir='ltr'>scientiam</span> <span class='ocrx_word' id='word_1_65' title='bbox 196 923 276 989; x_wconf 87' lang='lat' dir='ltr'>atqua</span> <span class='ocrx_word' id='word_1_66' title='bbox 293 918 376 974; x_wconf 87' lang='lat' dir='ltr'>animi</span> <span class='ocrx_word' id='word_1_67' title='bbox 394 918 606 991; x_wconf 75' lang='lat' dir='ltr'>magnitudinem</span> <span class='ocrx_word' id='word_1_68' title='bbox 625 917 741 973; x_wconf 76' lang='lat' dir='ltr'>deiectos</span> <span class='ocrx_word' id='word_1_69' title='bbox 755 927 795 972; x_wconf 89' lang='lat' dir='ltr'>est</span> <span class='ocrx_word' id='word_1_70' title='bbox 808 917 842 972; x_wconf 91' lang='lat' dir='ltr'>ab</span> 
     </span>
     <span class='ocr_line' id='line_1_12' title="bbox 39 990 842 1063; baseline -0.001 -16"><span class='ocrx_word' id='word_1_71' title='bbox 39 990 161 1054; x_wconf 76' lang='lat' dir='ltr'>Rhodiis.</span> <span class='ocrx_word' id='word_1_72' title='bbox 172 992 219 1062; x_wconf 88' lang='lat' dir='ltr'>qui</span> <span class='ocrx_word' id='word_1_73' title='bbox 230 993 372 1063; x_wconf 85' lang='lat' dir='ltr'>imperium</span> <span class='ocrx_word' id='word_1_74' title='bbox 381 991 473 1047; x_wconf 79' lang='lat' dir='ltr'>elassis</span> <span class='ocrx_word' id='word_1_75' title='bbox 483 993 621 1048; x_wconf 86' lang='lat' dir='ltr'>obtineret.</span> <span class='ocrx_word' id='word_1_76' title='bbox 641 991 702 1059; x_wconf 80' lang='lat' dir='ltr'>Qui,</span> <span class='ocrx_word' id='word_1_77' title='bbox 719 993 766 1048; x_wconf 89' lang='lat' dir='ltr'>ubi</span> <span class='ocrx_word' id='word_1_78' title='bbox 778 991 842 1048; x_wconf 88' lang='lat' dir='ltr'>Cae-</span> 
     </span>
     <span class='ocr_line' id='line_1_13' title="bbox 38 1064 842 1138; baseline 0 -18"><span class='ocrx_word' id='word_1_79' title='bbox 38 1064 107 1120; x_wconf 85' lang='lat' dir='ltr'>saris</span> <span class='ocrx_word' id='word_1_80' title='bbox 116 1065 238 1120; x_wconf 89' lang='lat' dir='ltr'>animum</span> <span class='ocrx_word' id='word_1_81' title='bbox 248 1067 368 1130; x_wconf 85' lang='lat' dir='ltr'>advertit,</span> <span class='ocrx_word' id='word_1_82' title='bbox 384 1067 483 1122; x_wconf 73' lang='lat' dir='ltr'>Videris</span> <span class='ocrx_word' id='word_1_83' title='bbox 492 1071 563 1130; x_wconf 73' lang='lat' dir='ltr'>atini,</span> <span class='ocrx_word' id='word_1_84' title='bbox 574 1067 671 1138; x_wconf 87' lang='lat' dir='ltr'>inquit,</span> <span class='ocrx_word' id='word_1_85' title='bbox 682 1067 786 1134; x_wconf 78' lang='lat' dir='ltr'>Caesar,</span> <span class='ocrx_word' id='word_1_86' title='bbox 798 1083 842 1121; x_wconf 84' lang='lat' dir='ltr'>ve-</span> 
     </span>
     <span class='ocr_line' id='line_1_14' title="bbox 37 1142 842 1209; baseline -0.001 -14"><span class='ocrx_word' id='word_1_87' title='bbox 37 1145 104 1204; x_wconf 78' lang='lat' dir='ltr'>reri,</span> <span class='ocrx_word' id='word_1_88' title='bbox 114 1143 139 1195; x_wconf 83' lang='lat' dir='ltr'>si</span> <span class='ocrx_word' id='word_1_89' title='bbox 148 1143 211 1196; x_wconf 79' lang='lat' dir='ltr'>tosa</span> <span class='ocrx_word' id='word_1_90' title='bbox 219 1142 290 1196; x_wconf 81' lang='lat' dir='ltr'>vods</span> <span class='ocrx_word' id='word_1_91' title='bbox 296 1145 390 1208; x_wconf 76' lang='lat' dir='ltr'>primis</span> <span class='ocrx_word' id='word_1_92' title='bbox 400 1143 509 1195; x_wconf 75' lang='lat' dir='ltr'>novibus</span> <span class='ocrx_word' id='word_1_93' title='bbox 517 1145 666 1204; x_wconf 66' lang='lat' dir='ltr'>intraueris,</span> <span class='ocrx_word' id='word_1_94' title='bbox 677 1158 708 1195; x_wconf 86' lang='lat' dir='ltr'>ne</span> <span class='ocrx_word' id='word_1_95' title='bbox 716 1145 792 1209; x_wconf 79' lang='lat' dir='ltr'>prius</span> <span class='ocrx_word' id='word_1_96' title='bbox 801 1144 842 1194; x_wconf 79' lang='lat' dir='ltr'>dt-</span> 
     </span>
    </p>

    <p class='ocr_par' dir='ltr' id='par_1_5' title="bbox 8 1217 849 2544">
     <span class='ocr_line' id='line_1_15' title="bbox 8 1217 840 1284; baseline 0 -16"><span class='ocrx_word' id='word_1_97' title='bbox 8 1227 10 1234; x_wconf 77' lang='grc'>’</span> <span class='ocrx_word' id='word_1_98' title='bbox 37 1219 139 1269; x_wconf 81' lang='lat' dir='ltr'>mt&#39;oare</span> <span class='ocrx_word' id='word_1_99' title='bbox 148 1220 344 1284; x_wconf 57' lang='lat' dir='ltr'>emanandum</span> <span class='ocrx_word' id='word_1_100' title='bbox 352 1217 480 1282; x_wconf 77' lang='lat' dir='ltr'>reliquum</span> <span class='ocrx_word' id='word_1_101' title='bbox 490 1217 597 1268; x_wconf 81' lang='lat' dir='ltr'>classem</span> <span class='ocrx_word' id='word_1_102' title='bbox 605 1219 690 1280; x_wconf 83' lang='lat' dir='ltr'>possis</span> <span class='ocrx_word' id='word_1_103' title='bbox 699 1219 840 1284; x_wconf 77' lang='lat' dir='ltr'>explicare.</span> 
     </span>
     <span class='ocr_line' id='line_1_16' title="bbox 39 1289 843 1358; baseline -0.002 -16"><span class='ocrx_word' id='word_1_104' title='bbox 39 1289 185 1342; x_wconf 81' lang='lat' dir='ltr'>Notisretn</span> <span class='ocrx_word' id='word_1_105' title='bbox 194 1293 329 1352; x_wconf 77' lang='lat' dir='ltr'>committe,</span> <span class='ocrx_word' id='word_1_106' title='bbox 344 1304 393 1341; x_wconf 83' lang='lat' dir='ltr'>nos</span> <span class='ocrx_word' id='word_1_107' title='bbox 401 1291 530 1354; x_wconf 77' lang='lat' dir='ltr'>proelium</span> <span class='ocrx_word' id='word_1_108' title='bbox 544 1291 733 1352; x_wconf 71' lang='lat' dir='ltr'>sustinebimus,</span> <span class='ocrx_word' id='word_1_109' title='bbox 751 1289 843 1358; x_wconf 79' lang='lat' dir='ltr'>(nequa</span> 
     </span>
     <span class='ocr_line' id='line_1_17' title="bbox 40 1361 843 1432; baseline -0.002 -16"><span class='ocrx_word' id='word_1_110' title='bbox 40 1371 113 1417; x_wconf 83' lang='lat' dir='ltr'>tuum</span> <span class='ocrx_word' id='word_1_111' title='bbox 122 1367 249 1416; x_wconf 78' lang='lat' dir='ltr'>iodicium</span> <span class='ocrx_word' id='word_1_112' title='bbox 257 1361 389 1432; x_wconf 70' lang='lat' dir='ltr'>satiemus)</span> <span class='ocrx_word' id='word_1_113' title='bbox 400 1365 461 1414; x_wconf 78' lang='lat' dir='ltr'>dam</span> <span class='ocrx_word' id='word_1_114' title='bbox 470 1365 566 1430; x_wconf 63' lang='lat' dir='ltr'>reteque·</span> <span class='ocrx_word' id='word_1_115' title='bbox 574 1363 778 1429; x_wconf 68' lang='lat' dir='ltr'>subsequantur:</span> <span class='ocrx_word' id='word_1_116' title='bbox 798 1365 843 1415; x_wconf 81' lang='lat' dir='ltr'>hos</span> 
     </span>
     <span class='ocr_line' id='line_1_18' title="bbox 39 1437 844 1506; baseline -0.004 -16"><span class='ocrx_word' id='word_1_117' title='bbox 39 1439 143 1506; x_wconf 78' lang='lat' dir='ltr'>quidem</span> <span class='ocrx_word' id='word_1_118' title='bbox 152 1441 252 1490; x_wconf 79' lang='lat' dir='ltr'>diutius</span> <span class='ocrx_word' id='word_1_119' title='bbox 261 1441 387 1490; x_wconf 82' lang='lat' dir='ltr'>innostro</span> <span class='ocrx_word' id='word_1_120' title='bbox 396 1443 531 1502; x_wconf 73' lang='lat' dir='ltr'>conspectu</span> <span class='ocrx_word' id='word_1_121' title='bbox 540 1437 762 1502; x_wconf 76' lang='lat' dir='ltr'>plortari‚mapno</span> <span class='ocrx_word' id='word_1_122' title='bbox 771 1437 844 1488; x_wconf 81' lang='lat' dir='ltr'>nobis</span> 
     </span>
     <span class='ocr_line' id='line_1_19' title="bbox 39 1504 844 1576; baseline -0.004 -12"><span class='ocrx_word' id='word_1_123' title='bbox 39 1519 64 1564; x_wconf 86' lang='lat' dir='ltr'>st</span> <span class='ocrx_word' id='word_1_124' title='bbox 73 1514 194 1566; x_wconf 80' lang='lat' dir='ltr'>dedecori</span> <span class='ocrx_word' id='word_1_125' title='bbox 203 1519 227 1563; x_wconf 85' lang='lat' dir='ltr'>et</span> <span class='ocrx_word' id='word_1_126' title='bbox 237 1513 322 1565; x_wconf 79' lang='lat' dir='ltr'>dolori</span> <span class='ocrx_word' id='word_1_127' title='bbox 331 1517 379 1563; x_wconf 73' lang='lat' dir='ltr'>est·</span> <span class='ocrx_word' id='word_1_128' title='bbox 399 1507 493 1563; x_wconf 86' lang='lat' dir='ltr'>Caesar</span> <span class='ocrx_word' id='word_1_129' title='bbox 505 1507 583 1562; x_wconf 85' lang='lat' dir='ltr'>iilum</span> <span class='ocrx_word' id='word_1_130' title='bbox 599 1504 751 1562; x_wconf 76' lang='lat' dir='ltr'>adhortatus</span> <span class='ocrx_word' id='word_1_131' title='bbox 766 1513 844 1576; x_wconf 89' lang='lat' dir='ltr'>atque</span> 
     </span>
     <span class='ocr_line' id='line_1_20' title="bbox 38 1580 844 1654; baseline -0.006 -15"><span class='ocrx_word' id='word_1_132' title='bbox 38 1583 168 1640; x_wconf 85' lang='lat' dir='ltr'>omnibus</span> <span class='ocrx_word' id='word_1_133' title='bbox 177 1583 302 1638; x_wconf 80' lang='lat' dir='ltr'>laudibus</span> <span class='ocrx_word' id='word_1_134' title='bbox 311 1589 475 1652; x_wconf 84' lang='lat' dir='ltr'>prosecutus,</span> <span class='ocrx_word' id='word_1_135' title='bbox 483 1581 527 1636; x_wconf 84' lang='lat' dir='ltr'>dat</span> <span class='ocrx_word' id='word_1_136' title='bbox 536 1582 645 1654; x_wconf 81' lang='lat' dir='ltr'>signum</span> <span class='ocrx_word' id='word_1_137' title='bbox 655 1598 769 1654; x_wconf 79' lang='lat' dir='ltr'>pugnae.</span> <span class='ocrx_word' id='word_1_138' title='bbox 780 1580 844 1634; x_wconf 88' lang='lat' dir='ltr'>Pro·</span> 
     </span>
     <span class='ocr_line' id='line_1_21' title="bbox 37 1653 845 1732; baseline -0.004 -22"><span class='ocrx_word' id='word_1_139' title='bbox 37 1674 145 1732; x_wconf 80' lang='lat' dir='ltr'>grossas</span> <span class='ocrx_word' id='word_1_140' title='bbox 156 1655 226 1711; x_wconf 84' lang='lat' dir='ltr'>ultra</span> <span class='ocrx_word' id='word_1_141' title='bbox 238 1656 338 1711; x_wconf 83' lang='lat' dir='ltr'>vadum</span> <span class='ocrx_word' id='word_1_142' title='bbox 349 1663 464 1726; x_wconf 87' lang='lat' dir='ltr'>quatuor</span> <span class='ocrx_word' id='word_1_143' title='bbox 476 1655 592 1710; x_wconf 84' lang='lat' dir='ltr'>Rhodias</span> <span class='ocrx_word' id='word_1_144' title='bbox 606 1671 687 1710; x_wconf 82' lang='lat' dir='ltr'>naves</span> <span class='ocrx_word' id='word_1_145' title='bbox 705 1653 845 1710; x_wconf 85' lang='lat' dir='ltr'>circumsi-</span> 
     </span>
     <span class='ocr_line' id='line_1_22' title="bbox 38 1727 844 1800; baseline -0.005 -15"><span class='ocrx_word' id='word_1_146' title='bbox 38 1737 116 1786; x_wconf 81' lang='lat' dir='ltr'>stunt</span> <span class='ocrx_word' id='word_1_147' title='bbox 126 1729 299 1784; x_wconf 80' lang='lat' dir='ltr'>Alexandrini</span> <span class='ocrx_word' id='word_1_148' title='bbox 309 1737 389 1799; x_wconf 88' lang='lat' dir='ltr'>atque</span> <span class='ocrx_word' id='word_1_149' title='bbox 397 1728 423 1782; x_wconf 92' lang='lat' dir='ltr'>in</span> <span class='ocrx_word' id='word_1_150' title='bbox 436 1745 480 1784; x_wconf 84' lang='lat' dir='ltr'>eas</span> <span class='ocrx_word' id='word_1_151' title='bbox 490 1729 618 1800; x_wconf 89' lang='lat' dir='ltr'>impetum</span> <span class='ocrx_word' id='word_1_152' title='bbox 628 1728 737 1784; x_wconf 84' lang='lat' dir='ltr'>iaciunt.</span> <span class='ocrx_word' id='word_1_153' title='bbox 758 1727 844 1783; x_wconf 89' lang='lat' dir='ltr'>Susti-</span> 
     </span>
     <span class='ocr_line' id='line_1_23' title="bbox 38 1801 843 1874; baseline -0.006 -13"><span class='ocrx_word' id='word_1_154' title='bbox 38 1801 153 1861; x_wconf 85' lang='lat' dir='ltr'>nentiili</span> <span class='ocrx_word' id='word_1_155' title='bbox 163 1810 242 1873; x_wconf 86' lang='lat' dir='ltr'>atque</span> <span class='ocrx_word' id='word_1_156' title='bbox 252 1810 306 1857; x_wconf 85' lang='lat' dir='ltr'>arte</span> <span class='ocrx_word' id='word_1_157' title='bbox 314 1801 482 1874; x_wconf 85' lang='lat' dir='ltr'>sollertiaque</span> <span class='ocrx_word' id='word_1_158' title='bbox 492 1819 520 1856; x_wconf 87' lang='lat' dir='ltr'>se</span> <span class='ocrx_word' id='word_1_159' title='bbox 530 1802 675 1874; x_wconf 83' lang='lat' dir='ltr'>explicant:</span> <span class='ocrx_word' id='word_1_160' title='bbox 696 1809 843 1856; x_wconf 81' lang='lat' dir='ltr'>astantum</span> 
     </span>
     <span class='ocr_line' id='line_1_24' title="bbox 38 1876 843 1948; baseline -0.006 -13"><span class='ocrx_word' id='word_1_161' title='bbox 38 1877 158 1934; x_wconf 86' lang='lat' dir='ltr'>doctrina</span> <span class='ocrx_word' id='word_1_162' title='bbox 180 1877 273 1947; x_wconf 83' lang='lat' dir='ltr'>potuit,</span> <span class='ocrx_word' id='word_1_163' title='bbox 294 1885 324 1932; x_wconf 91' lang='lat' dir='ltr'>ut</span> <span class='ocrx_word' id='word_1_164' title='bbox 338 1877 365 1932; x_wconf 91' lang='lat' dir='ltr'>in</span> <span class='ocrx_word' id='word_1_165' title='bbox 378 1876 478 1948; x_wconf 86' lang='lat' dir='ltr'>dispari</span> <span class='ocrx_word' id='word_1_166' title='bbox 491 1876 602 1932; x_wconf 82' lang='lat' dir='ltr'>numero</span> <span class='ocrx_word' id='word_1_167' title='bbox 612 1876 687 1936; x_wconf 85' lang='lat' dir='ltr'>nulla</span> <span class='ocrx_word' id='word_1_168' title='bbox 695 1883 843 1933; x_wconf 85' lang='lat' dir='ltr'>transversa</span> 
     </span>
     <span class='ocr_line' id='line_1_25' title="bbox 37 1950 843 2024; baseline -0.007 -14"><span class='ocrx_word' id='word_1_169' title='bbox 37 1953 109 2010; x_wconf 90' lang='lat' dir='ltr'>hosti</span> <span class='ocrx_word' id='word_1_170' title='bbox 119 1951 286 2017; x_wconf 68' lang='lat' dir='ltr'>ohiioeretun</span> <span class='ocrx_word' id='word_1_171' title='bbox 302 1950 406 2007; x_wconf 88' lang='lat' dir='ltr'>nullius</span> <span class='ocrx_word' id='word_1_172' title='bbox 415 1951 482 2006; x_wconf 80' lang='lat' dir='ltr'>remi</span> <span class='ocrx_word' id='word_1_173' title='bbox 491 1951 694 2024; x_wconf 69' lang='lat' dir='ltr'>detergerentun</span> <span class='ocrx_word' id='word_1_174' title='bbox 701 1950 763 2009; x_wconf 78' lang='lat' dir='ltr'>‘sed</span> <span class='ocrx_word' id='word_1_175' title='bbox 773 1965 843 2006; x_wconf 90' lang='lat' dir='ltr'>sem-</span> 
     </span>
     <span class='ocr_line' id='line_1_26' title="bbox 38 2025 849 2099; baseline -0.002 -17"><span class='ocrx_word' id='word_1_176' title='bbox 38 2045 86 2099; x_wconf 88' lang='lat' dir='ltr'>por</span> <span class='ocrx_word' id='word_1_177' title='bbox 95 2025 265 2083; x_wconf 85' lang='lat' dir='ltr'>venientibus</span> <span class='ocrx_word' id='word_1_178' title='bbox 274 2026 399 2082; x_wconf 82' lang='lat' dir='ltr'>adversae</span> <span class='ocrx_word' id='word_1_179' title='bbox 410 2032 584 2082; x_wconf 82' lang='lat' dir='ltr'>ooourrerent.</span> <span class='ocrx_word' id='word_1_180' title='bbox 604 2025 712 2080; x_wconf 88' lang='lat' dir='ltr'>Interim</span> <span class='ocrx_word' id='word_1_181' title='bbox 726 2033 790 2081; x_wconf 90' lang='lat' dir='ltr'>sunt</span> <span class='ocrx_word' id='word_1_182' title='bbox 803 2041 849 2092; x_wconf 51' lang='lat' dir='ltr'>re-¹</span> 
     </span>
     <span class='ocr_line' id='line_1_27' title="bbox 39 2101 845 2174; baseline -0.004 -17"><span class='ocrx_word' id='word_1_183' title='bbox 39 2102 130 2174; x_wconf 83' lang='lat' dir='ltr'>liquas</span> <span class='ocrx_word' id='word_1_184' title='bbox 141 2101 305 2158; x_wconf 85' lang='lat' dir='ltr'>subsecutas.</span> <span class='ocrx_word' id='word_1_185' title='bbox 325 2103 394 2157; x_wconf 88' lang='lat' dir='ltr'>Tum</span> <span class='ocrx_word' id='word_1_186' title='bbox 413 2101 559 2156; x_wconf 85' lang='lat' dir='ltr'>necessario</span> <span class='ocrx_word' id='word_1_187' title='bbox 576 2101 723 2156; x_wconf 81' lang='lat' dir='ltr'>dissessum</span> <span class='ocrx_word' id='word_1_188' title='bbox 742 2101 776 2156; x_wconf 89' lang='lat' dir='ltr'>ab</span> <span class='ocrx_word' id='word_1_189' title='bbox 790 2106 845 2155; x_wconf 86' lang='lat' dir='ltr'>arta</span> 
     </span>
     <span class='ocr_line' id='line_1_28' title="bbox 40 2175 845 2250; baseline -0.002 -20"><span class='ocrx_word' id='word_1_190' title='bbox 40 2183 89 2241; x_wconf 81' lang='lat' dir='ltr'>est,</span> <span class='ocrx_word' id='word_1_191' title='bbox 101 2183 207 2247; x_wconf 86' lang='lat' dir='ltr'>propter</span> <span class='ocrx_word' id='word_1_192' title='bbox 217 2177 353 2250; x_wconf 77' lang='lat' dir='ltr'>angustias</span> <span class='ocrx_word' id='word_1_193' title='bbox 362 2175 422 2240; x_wconf 78' lang='lat' dir='ltr'>loci,</span> <span class='ocrx_word' id='word_1_194' title='bbox 434 2185 513 2247; x_wconf 84' lang='lat' dir='ltr'>atque</span> <span class='ocrx_word' id='word_1_195' title='bbox 522 2192 601 2230; x_wconf 87' lang='lat' dir='ltr'>omne</span> <span class='ocrx_word' id='word_1_196' title='bbox 609 2183 740 2232; x_wconf 85' lang='lat' dir='ltr'>certamen</span> <span class='ocrx_word' id='word_1_197' title='bbox 750 2175 779 2230; x_wconf 90' lang='lat' dir='ltr'>in</span> <span class='ocrx_word' id='word_1_198' title='bbox 789 2175 845 2230; x_wconf 88' lang='lat' dir='ltr'>vir-</span> 
     </span>
     <span class='ocr_line' id='line_1_29' title="bbox 40 2249 844 2323; baseline -0.002 -17"><span class='ocrx_word' id='word_1_199' title='bbox 40 2257 98 2306; x_wconf 88' lang='lat' dir='ltr'>tute</span> <span class='ocrx_word' id='word_1_200' title='bbox 112 2249 238 2304; x_wconf 75' lang='lat' dir='ltr'>constitit.</span> <span class='ocrx_word' id='word_1_201' title='bbox 262 2252 354 2323; x_wconf 89' lang='lat' dir='ltr'>Neque</span> <span class='ocrx_word' id='word_1_202' title='bbox 372 2267 435 2306; x_wconf 89' lang='lat' dir='ltr'>vero</span> <span class='ocrx_word' id='word_1_203' title='bbox 448 2249 623 2305; x_wconf 82' lang='lat' dir='ltr'>Alexandriae</span> <span class='ocrx_word' id='word_1_204' title='bbox 636 2250 686 2306; x_wconf 86' lang='lat' dir='ltr'>fuit</span> <span class='ocrx_word' id='word_1_205' title='bbox 699 2251 844 2322; x_wconf 87' lang='lat' dir='ltr'>quisquam</span> 
     </span>
     <span class='ocr_line' id='line_1_30' title="bbox 41 2324 847 2396; baseline -0.006 -16"><span class='ocrx_word' id='word_1_206' title='bbox 41 2331 87 2380; x_wconf 87' lang='lat' dir='ltr'>aut</span> <span class='ocrx_word' id='word_1_207' title='bbox 97 2329 256 2390; x_wconf 82' lang='lat' dir='ltr'>nostrorum,</span> <span class='ocrx_word' id='word_1_208' title='bbox 272 2333 318 2379; x_wconf 85' lang='lat' dir='ltr'>aut</span> <span class='ocrx_word' id='word_1_209' title='bbox 328 2324 596 2396; x_wconf 60' lang='lat' dir='ltr'>oppidanorum‚,qui</span> <span class='ocrx_word' id='word_1_210' title='bbox 606 2333 652 2379; x_wconf 88' lang='lat' dir='ltr'>aut</span> <span class='ocrx_word' id='word_1_211' title='bbox 661 2325 688 2380; x_wconf 88' lang='lat' dir='ltr'>in</span> <span class='ocrx_word' id='word_1_212' title='bbox 697 2339 783 2396; x_wconf 83' lang='lat' dir='ltr'>opere,</span> <span class='ocrx_word' id='word_1_213' title='bbox 801 2329 847 2375; x_wconf 86' lang='lat' dir='ltr'>aut</span> 
     </span>
     <span class='ocr_line' id='line_1_31' title="bbox 41 2394 847 2470; baseline -0.009 -15"><span class='ocrx_word' id='word_1_214' title='bbox 41 2404 70 2455; x_wconf 89' lang='lat' dir='ltr'>in</span> <span class='ocrx_word' id='word_1_215' title='bbox 81 2398 278 2470; x_wconf 83' lang='lat' dir='ltr'>oppugnatione</span> <span class='ocrx_word' id='word_1_216' title='bbox 287 2407 444 2470; x_wconf 81' lang='lat' dir='ltr'>oocupatum</span> <span class='ocrx_word' id='word_1_217' title='bbox 454 2400 576 2454; x_wconf 87' lang='lat' dir='ltr'>animum</span> <span class='ocrx_word' id='word_1_218' title='bbox 588 2399 704 2462; x_wconf 88' lang='lat' dir='ltr'>haberet,</span> <span class='ocrx_word' id='word_1_219' title='bbox 725 2397 793 2468; x_wconf 91' lang='lat' dir='ltr'>quin</span> <span class='ocrx_word' id='word_1_220' title='bbox 808 2394 847 2448; x_wconf 88' lang='lat' dir='ltr'>al-</span> 
     </span>
     <span class='ocr_line' id='line_1_32' title="bbox 41 2471 848 2544; baseline -0.007 -15"><span class='ocrx_word' id='word_1_221' title='bbox 41 2474 146 2528; x_wconf 85' lang='lat' dir='ltr'>tissima</span> <span class='ocrx_word' id='word_1_222' title='bbox 155 2477 218 2526; x_wconf 89' lang='lat' dir='ltr'>tecta</span> <span class='ocrx_word' id='word_1_223' title='bbox 226 2479 322 2542; x_wconf 85' lang='lat' dir='ltr'>peteret</span> <span class='ocrx_word' id='word_1_224' title='bbox 331 2480 410 2544; x_wconf 88' lang='lat' dir='ltr'>atque</span> <span class='ocrx_word' id='word_1_225' title='bbox 419 2489 453 2526; x_wconf 87' lang='lat' dir='ltr'>ex</span> <span class='ocrx_word' id='word_1_226' title='bbox 461 2473 535 2527; x_wconf 90' lang='lat' dir='ltr'>omni</span> <span class='ocrx_word' id='word_1_227' title='bbox 545 2479 682 2544; x_wconf 67' lang='lat' dir='ltr'>prospectu</span> <span class='ocrx_word' id='word_1_228' title='bbox 691 2471 780 2525; x_wconf 90' lang='lat' dir='ltr'>locum</span> <span class='ocrx_word' id='word_1_229' title='bbox 787 2485 848 2540; x_wconf 88' lang='lat' dir='ltr'>spe-</span> 
     </span>
    </p>

    <p class='ocr_par' dir='ltr' id='par_1_6' title="bbox 8 2543 848 2620">
     <span class='ocr_line' id='line_1_33' title="bbox 8 2543 848 2620; baseline -0.002 -18"><span class='ocrx_word' id='word_1_230' title='bbox 8 2555 10 2620; x_wconf 70' lang='lat' dir='ltr'><strong>j</strong></span> <span class='ocrx_word' id='word_1_231' title='bbox 42 2547 144 2602; x_wconf 77' lang='lat' dir='ltr'>oraculo</span> <span class='ocrx_word' id='word_1_232' title='bbox 162 2553 266 2617; x_wconf 83' lang='lat' dir='ltr'>caperat</span> <span class='ocrx_word' id='word_1_233' title='bbox 283 2546 459 2617; x_wconf 81' lang='lat' dir='ltr'>precibusque</span> <span class='ocrx_word' id='word_1_234' title='bbox 471 2553 497 2602; x_wconf 91' lang='lat' dir='ltr'>et</span> <span class='ocrx_word' id='word_1_235' title='bbox 511 2547 578 2604; x_wconf 86' lang='lat' dir='ltr'>votis</span> <span class='ocrx_word' id='word_1_236' title='bbox 598 2546 734 2602; x_wconf 79' lang='lat' dir='ltr'>victoriam</span> <span class='ocrx_word' id='word_1_237' title='bbox 747 2543 848 2601; x_wconf 85' lang='lat' dir='ltr'>suisab</span> 
     </span>
    </p>

    <p class='ocr_par' dir='ltr' id='par_1_7' title="bbox 8 2620 474 2697">
     <span class='ocr_line' id='line_1_34' title="bbox 44 2620 474 2697; baseline -0.002 -20.077"><span class='ocrx_word' id='word_1_238' title='bbox 44 2623 96 2678; x_wconf 89' lang='lat' dir='ltr'>diis</span> <span class='ocrx_word' id='word_1_239' title='bbox 106 2620 302 2678; x_wconf 85' lang='lat' dir='ltr'>immortalibus</span> <span class='ocrx_word' id='word_1_240' title='bbox 312 2628 474 2697; x_wconf 81' lang='lat' dir='ltr'>exposuerat.</span> 
     </span>
    </p>
   </div>
   <div class='ocr_carea' id='block_1_4' title="bbox 0 0 1029 3004">
    <p class='ocr_par' dir='ltr' id='par_1_8' title="bbox 0 0 1029 3004">
     <span class='ocr_line' id='line_1_35' title="bbox 0 0 1029 3004; baseline 0 0"><span class='ocrx_word' id='word_1_241' title='bbox 0 0 1029 3004; x_wconf 95' lang='lat' dir='ltr'> </span> 
     </span>
    </p>
   </div>
  </div>
 </body>
</html>
