2072 2998
279 159 426 205 mutus
455 159 537 206 CAP.
552 159 593 205 39.
609 161 651 205 4⁰.
753 172 761 180 ·
809 158 859 210 225

65 259 186 314 daretur:
207 258 264 330 ipse
272 258 388 330 reliquas
397 258 513 314 civitates
523 258 585 324 adit,
595 259 700 313 obsides
710 259 798 330 plures
808 263 860 316 im-

65 343 153 406 perat,
180 333 302 388 timentes
322 334 441 388 omnium
462 334 564 388 animos
584 333 756 390 consolatione
774 345 858 392 sanat.

65 409 157 476 Ouum
168 407 195 462 in
207 408 334 463 Carnutes
347 409 470 472 venisset,
487 425 600 479 quorum
611 405 738 494 [oonsilio]
754 409 779 463 io
794 410 861 463 civi·

66 494 116 539 tate
122 483 259 554 superiore
265 483 449 537 commentario
455 482 786 554 Caesarexposuitinitrum
797 483 859 538 belli

65 577 122 614 esse
141 565 240 622 ortum,
260 557 332 628 quod
352 558 489 628 praecipue
502 575 545 612 eos
563 566 666 629 proptor
676 559 859 612 conscientiam

65 634 126 689 laeti
135 633 229 686 timere
239 633 359 686 animum
370 631 526 696 advertebat,
539 649 592 704 quo
605 633 715 688 celerius
728 633 858 687 civitatem

65 716 140 764 metu
150 706 279 768 liberaret,
292 706 436 776 principem
446 706 549 761 sceleris
562 707 634 761 illius
643 716 668 762 et
678 708 858 762 concitatorem

65 783 138 848 belli,
152 781 323 845 Gutruatum,
335 780 368 835 ad
377 780 537 852 supplicium
547 781 674 852 deposcit:
695 784 751 854 qui,
769 784 817 836 etsi
827 801 861 837 ne

65 858 172 916 civibus
191 855 300 928 quidem
315 856 372 910 suis
385 872 414 910 se
425 857 608 921 committebat,
629 865 716 912 umen
734 858 858 923 celeriter,

67 933 191 988 omnium
200 947 263 986 cura
277 931 421 1002 quaesitus,
437 931 556 985 incastra
571 931 731 1003 perducitur.
753 933 860 1007 Cogitur

67 1008 171 1064 ineius
187 1004 349 1076 supplicium
359 1005 452 1060 Caesar
465 1014 552 1060 contra
567 1015 686 1061 naturam
701 1025 786 1073 suam,
804 1025 860 1062 ma-

65 1085 140 1139 rimo
149 1080 267 1135 militum
278 1097 416 1144 concursu,
428 1081 476 1151 qui
486 1081 508 1134 ei
517 1075 606 1135 omnia
618 1082 731 1152 pericula
743 1091 767 1136 et
781 1083 861 1138 detri-

65 1167 154 1213 menta
165 1153 238 1218 belli,
250 1153 398 1208 aGutruato
406 1163 516 1225 accepta,
524 1155 679 1222 referebant,
691 1157 754 1212 adeo
763 1165 793 1216 ut
802 1175 861 1212 ver·

65 1233 176 1289 beribus
186 1229 365 1284 exanimatum
375 1245 470 1301 corpus
480 1232 564 1284 securi
575 1229 703 1286 feriretur.

119 1305 252 1360 XXXIX.
272 1304 312 1358 lbi
322 1304 419 1358 crebris
428 1303 519 1358 litteris
530 1304 632 1358 Caninii
644 1306 672 1358 lit
681 1306 781 1371 certior,
792 1323 861 1377 quae

65 1383 98 1438 de
107 1383 237 1451 Drappete
245 1385 271 1432 et
280 1379 397 1433 Lucterio
405 1386 478 1452 gesta
487 1389 582 1441 essent,
596 1395 703 1450 quoque
716 1381 743 1434 in
752 1380 861 1436 consilio

63 1461 252 1530 permanerent
268 1453 402 1524 oppidani.
427 1454 544 1519 Quorum
559 1453 607 1506 etsi
626 1453 780 1522 paucitatem
798 1471 862 1508 oon-

65 1530 211 1594 temnebat,
233 1537 319 1584 tamen
338 1528 506 1599 pertinaciam
521 1544 616 1600 magna
630 1543 778 1597 poenaesse
796 1528 863 1582 adfi-

64 1605 190 1662 ciendam
208 1603 351 1668 iudioabat;
376 1620 410 1657 na
423 1602 545 1657 universa
564 1601 657 1665 Gallia,
680 1619 731 1656 non
750 1600 863 1657 defuisse

65 1683 140 1737 viros
160 1679 212 1733 sibi
226 1677 259 1731 ad
272 1677 445 1732 resistendum
461 1678 594 1743 Romanis,
615 1676 660 1730 sed
679 1678 859 1742 constantiam,

64 1760 189 1830 putaret:
210 1770 275 1807 neve
290 1751 339 1806 hoc
352 1751 472 1823 exemplo
485 1759 582 1806 ceterae
599 1751 725 1817 civitatee,
747 1752 861 1806 locorum

65 1826 261 1903 opportunitate
271 1826 357 1890 fretae,
365 1843 394 1880 se
402 1827 563 1881 vindicarent
572 1827 599 1880 in
610 1825 762 1881 libertatern:
778 1845 862 1901 quum

66 1903 196 1962 omnibus
207 1899 291 1956 Gallis
301 1910 392 1956 notum
406 1901 490 1965 sciret,
511 1901 639 1973 reliquam
654 1919 711 1955 esse
724 1919 805 1957 unam
821 1920 866 1957 aes

67 1988 163 2036 statem
172 1993 237 2031 suae
249 1976 410 2047 provinciae3
431 1993 511 2047 quam
526 1976 548 2030 si
563 1976 691 2031 sustinere
707 1978 860 2047 potuissent,

67 2054 176 2110 nullum
185 2050 255 2106 ultra
263 2050 409 2122 periculum
420 2058 576 2105 vererentur.
598 2051 727 2122 ltaqueQ.
737 2053 863 2108 Calenum

68 2129 187 2204 legatum
203 2143 266 2180 cum
279 2125 426 2199 legionibus
445 2125 548 2180 duabus
567 2126 701 2197 relinquit,
722 2129 768 2198 qui
788 2121 864 2182 iustis

68 2201 210 2259 itineribus
223 2218 251 2254 se
265 2200 482 2271 subsequeretur:
503 2200 559 2271 ipse
572 2217 633 2255 cum
647 2202 719 2256 omni
735 2205 861 2274 equitatu,

68 2295 151 2352 quam
161 2283 247 2348 potest
255 2274 397 2336 celerrime,
409 2275 442 2328 ad
452 2275 591 2329 Caninium
601 2275 743 2331 contendit.

123 2353 182 2408 XL.
201 2349 291 2415 Quum
302 2358 390 2404 contra
403 2350 619 2419 exspectationem
636 2351 756 2404 omnium
771 2349 866 2405 Caesar

70 2424 269 2484 Uxellodunum
282 2424 397 2478 venisset
409 2424 589 2495 oppidumque
605 2424 729 2494 operibus
745 2423 865 2478 clausum

70 2503 192 2558 animum
203 2498 359 2566 adverteret,
382 2515 466 2569 neque
475 2499 508 2552 ab
520 2497 714 2571 oppugnatione
728 2499 811 2552 recedi
826 2498 867 2551 vi-

71 2577 141 2632 deret
154 2574 209 2630 ulla
223 2573 371 2628 conditione
387 2590 476 2644 posse;
503 2590 597 2646 magna
616 2581 702 2626 autem
718 2574 791 2644 copia
813 2572 868 2626 lm-

72 2651 155 2708 menti
164 2647 300 2706 abundare
308 2647 462 2722 oppidanos,
474 2665 506 2702 err
514 2647 631 2721 perfugis
639 2657 788 2720 cognosset,
799 2653 867 2721 aqua

110 2745 163 2799 lun.
178 2741 253 2797 Cass.
276 2761 278 2766 ·
432 2761 438 2812 ss
489 2771 491 2776 ·
544 2821 547 2828 .
686 2741 705 2793 Ρ
