2064 2996
182 129 215 182 et
382 132 433 203 ns
454 109 579 178 annno
603 132 772 180 eunuco
792 188 796 197 s

181 241 289 308 grossus
299 232 382 287 aciem
391 231 517 287 instruxit
529 231 703 305 hostibusque
715 232 853 306 pugnandi
867 241 983 305 potesta-

181 316 234 363 tem
244 306 310 362 lecit.
326 307 375 362 Ubi
385 313 484 360 netum
494 303 603 378 quidem
613 323 657 362 eos
666 307 770 379 prodire
779 307 917 374 intellexit,
929 312 983 364 cir-

172 383 244 437 'citer
257 381 394 436 meridiem
409 381 551 435 exercitum
566 381 594 435 in
607 389 691 436 castra
706 381 820 436 reduxit.
846 383 917 438 Tum
935 385 982 439 de-

181 473 257 512 mum
270 457 528 525 Ariovistuspartom
538 469 648 510 suanam
657 456 801 526 copiarum,
818 472 888 528 quae
897 467 981 514 castra

182 532 284 586 minora
293 536 464 603 oppugnaret,
481 529 567 584 misit:
588 532 680 584 acriter
692 531 827 602 utrimque
842 547 931 604 usque
949 533 980 588 ad

183 610 538 677 vesperumpugnatumest.
558 603 626 658 Solis
635 621 727 659 occasu
736 621 799 658 suas
807 606 896 676 copias
905 607 981 664 Ario-

182 681 277 744 vistus,
288 677 380 732 multis
390 685 415 731 et
424 677 503 732 illatis
514 684 539 732 et
548 678 658 749 aocptis
669 677 834 744 vulneribus,
852 681 881 734 in
896 690 978 737 castra

182 753 296 808 reduxit.
317 751 406 818 Quum
417 769 450 807 ex
463 752 573 824 captivis
582 760 718 824 quaereret
731 753 833 818 Caesar,
850 771 932 826 quam
947 757 980 811 ob

182 844 238 882 rem
248 825 396 881 Ariovistus
405 826 503 898 proelio
514 843 567 882 non
577 827 730 894 decertaret;
752 827 821 882 hanc
836 831 980 900 reperiebat

182 918 312 964 caussam,
329 901 400 971 quod
410 900 481 972 apud
491 900 635 956 Germanos
645 901 844 956 eaoonsuetudo
855 913 934 970 esset,
952 912 981 959 ut
1017 915 1018 922 ’

183 981 279 1030 matres
289 973 403 1028 familiae
412 991 504 1028 eorum
518 975 634 1029 sortibus
649 982 674 1030 et
690 976 922 1032 vaticinationibus
936 979 981 1034 de-

182 1048 318 1112 clararent,
331 1056 419 1101 utrum
431 1047 560 1119 proelium
574 1050 701 1104 committi
719 1068 752 1106 ex
764 1067 817 1104 usu
832 1060 911 1117 esset,
934 1071 982 1108 nec

183 1140 229 1178 ne:
250 1139 293 1178 eas
305 1122 339 1176 ita
348 1120 447 1198 flioera:
467 1123 528 1177 Non
537 1140 590 1177 asse
598 1129 648 1192 fos,
662 1124 804 1180 Germanos
812 1143 947 1194 superare,
958 1134 981 1182 ai

182 1206 242 1251 uate
252 1215 344 1250 novum
354 1200 442 1250 lunum
451 1199 551 1264 proelio
565 1202 759 1253 contendissent.

237 1272 278 1325 LI.
299 1269 426 1325 Postridie
435 1271 491 1324 cius
501 1269 553 1324 diei
563 1270 657 1327 Caesar
665 1272 796 1342 praesidio
804 1273 928 1346 utrisque
938 1293 982 1330 ca-

125 1385 128 1396 .
183 1346 254 1410 stris,
265 1345 337 1416 quod
347 1345 410 1399 satis
420 1361 477 1399 esse
488 1345 577 1400 visum
587 1351 634 1411 est,
651 1346 766 1418 reliquit,
784 1348 872 1402 omnis
887 1349 982 1406 alarios
1017 1395 1018 1404 ,

183 1421 209 1474 in
221 1427 360 1491 conspectu
374 1419 490 1474 hostium
505 1437 553 1491 pro
565 1420 657 1475 eastris
671 1421 820 1476 minoribus
834 1423 981 1490 constituit,
1017 1443 1018 1466 ι

182 1495 255 1566 quod
263 1495 354 1550 minus
363 1493 531 1550 multitudine
539 1494 654 1550 militum
664 1494 867 1568 legionariorum
876 1514 926 1568 pro
934 1499 983 1554 bc-

182 1571 264 1624 stium
280 1585 390 1624 numero
405 1569 513 1632 valebat,
535 1577 566 1623 ut
579 1569 613 1624 ad
626 1570 740 1640 speciem
752 1568 840 1624 alariis
854 1580 982 1628 uteretur.

183 1645 251 1714 lpse,
264 1643 359 1714 triplici
369 1644 495 1697 instructa
505 1643 567 1707 acie,
580 1643 709 1714 usquead
717 1649 799 1698 castra
810 1643 930 1700 hostium
940 1661 984 1702 ao-
1011 1663 1014 1670 ’

183 1719 271 1772 cessit.
292 1719 361 1770 Tum
375 1716 484 1771 demum
503 1717 648 1771 necessario
667 1715 874 1777 Germanisuas
892 1722 984 1792 copias

182 1791 274 1844 castris
283 1790 649 1862 eduxerunt„generatimque
657 1791 849 1846 constituerunt
857 1795 985 1864 paribus-

182 1881 236 1934 que
245 1864 389 1918 intervallis
398 1863 525 1927 Harudes,
537 1863 743 1929 Marcomannos,
755 1865 903 1932 Triboooos,
912 1869 985 1925 Van*

183 1938 285 2010 giones,
300 1939 430 2002 Nemetes,
446 1936 579 2002 Sedusics,
595 1938 704 2004 Suevos,
724 1955 887 2011 omnemque
899 1943 985 1998 aciem

183 2028 260 2066 suam
271 2009 360 2064 rhedis
374 2017 398 2065 et
408 2011 488 2064 carris
501 2010 737 2079 circumdederunt,
758 2031 792 2072 ua
808 2031 862 2084 qua
875 2033 938 2086 spes
955 2017 984 2073 in

182 2083 246 2156 luga
260 2083 458 2155 relinqueretur.
478 2085 516 2138 Eo
526 2084 649 2141 mulieres
662 2087 853 2158 imposuerunt,
874 2091 985 2162 quaein

182 2157 313 2231 proelium
331 2158 523 2230 proficiscentes
540 2159 637 2214 milites
654 2162 740 2231 pessis
758 2161 876 2216 crinibus
890 2162 985 2221 flentes

183 2232 368 2306 implorabant,
379 2249 413 2288 ne
422 2250 450 2286 se
460 2233 488 2288 in
498 2233 651 2288 servitutem
660 2235 786 2290 Romanis
794 2236 942 2292 traderent.-

239 2308 293 2362 Lll.
314 2307 408 2362 Caesar
420 2306 534 2381 singulis
548 2307 696 2380 legionibus
710 2309 830 2383 singulos
845 2310 944 2386 legatos
960 2322 987 2370 et

183 2390 348 2454 quaestorem
357 2380 487 2453 praefecit,
502 2382 541 2436 uti
551 2398 595 2436 eos
604 2383 676 2437 testis
691 2401 754 2438 suae
767 2384 883 2456 quisque
899 2386 987 2442 virtu-

185 2457 218 2510 tis
228 2457 341 2514 haberet.
362 2456 545 2528 lpseadextro
553 2473 643 2521 cornu,
659 2458 731 2528 quod
742 2473 798 2512 eam
814 2466 915 2529 partem
930 2463 987 2516 mi-
1017 2461 1018 2502 3

185 2531 257 2588 nime
274 2533 378 2587 firmam
394 2531 510 2587 hostium
526 2548 584 2586 esse
597 2529 718 2586 animum
731 2531 883 2598 adverterat,
905 2551 987 2605 proe-
1017 2543 1018 2546 ’

185 2605 252 2662 lium
262 2607 401 2664 commisit.
421 2605 688 2664 Itanostriaeriterin
702 2605 798 2672 hostes,
820 2607 898 2682 signo
911 2609 987 2678 dato,
