2072 2998
286 162 361 210 LIB.
375 161 423 212 tv.
451 165 530 214 CAP.
544 167 588 216 28.
603 170 644 218 29.
829 169 864 224 87

53 265 91 319 rel
110 262 220 335 eulpam
242 261 272 316 in
292 260 493 320 multitudinem
511 265 680 324 contulerunt
698 277 736 335 et,
758 281 864 346 propter

53 337 267 410 imprudentiam
278 343 309 391 ut
317 336 506 410 ignosceretur,
518 341 677 412 petiverunt.
690 343 785 400 Caesar
797 365 863 420 qus-

50 423 116 478 stus,
138 411 227 485 quod,
251 427 339 484 quum
353 409 425 468 ultro
437 412 463 468 in
479 415 656 478 nominantem
670 415 763 504 legatis
772 421 862 478 missis

47 505 142 560 paoem
157 486 195 544 ab
207 502 239 542 se
253 485 390 557 petissent,
409 486 511 544 hellum
524 489 684 546 sinemueea
700 492 860 563 intulissent,

46 565 189 638 ignosoere
212 559 410 632 imprudentiae
432 561 501 620 dixit
522 563 682 638 obsidesque
705 567 860 639 imperavit:

45 654 168 710 quorum
179 635 221 690 illi
232 641 335 707 partem
345 637 435 691 statim
445 636 581 705 &derunt
594 648 705 712 partem,
712 659 746 699 er
754 642 862 718 longin-

46 712 194 785 quioribus
208 709 275 766 loeis
284 711 446 777 aroemitam,
470 713 562 783 paums
575 715 670 772 diebus
682 733 740 772 sese
751 717 861 776 daturos

44 789 185 844 dixerunt.
214 786 316 841 Interea
335 801 399 840 suos
418 786 561 861 remigrare
578 789 607 844 in
623 807 701 864 agros
713 792 858 862 iusserunt,

44 861 242 934 principemque
250 858 374 930 undique
382 876 525 918 eonvenere
537 865 781 940 mundatusque
795 885 859 926 suat
917 865 921 873 '

44 937 155 993 Camari
165 933 357 990 commendare
364 944 514 1007 ooeperunt.

100 1010 233 1067 XXVIII.
261 1007 310 1064 IIis
332 1008 413 1064 rebus
429 1027 493 1082 peon
510 1011 678 1079 oonlirmata,
707 1025 768 1088 post
785 1018 858 1075 diem

42 1093 192 1159 quartum,
223 1100 308 1156 quam
328 1091 368 1140 est
388 1084 417 1139 in
435 1085 599 1143 Britdnniam
618 1097 741 1157 vernum,
775 1111 856 1150 navos

42 1162 143 1226 XVIII,
165 1159 200 1214 de
212 1158 315 1230 quibus
325 1175 407 1230 supra
416 1158 623 1218 demonstratum
632 1172 681 1230 est,
701 1182 771 1238 quae
779 1169 857 1240 equi·

42 1244 83 1292 tas
94 1233 269 1298 sustulerant,
282 1250 317 1288 ex
326 1233 460 1304 superiore
472 1243 549 1306 portu
558 1235 610 1294 leni
622 1247 699 1296 vento
707 1239 853 1298 solverunt.

42 1311 121 1376 Quae
137 1326 226 1382 quum
241 1307 487 1380 adpropinquarent
502 1311 653 1368 Britanniae
671 1321 697 1369 et
714 1332 748 1372 ex
762 1319 855 1373 eastris

43 1385 210 1449 viderentur,
232 1389 307 1439 unta
318 1389 458 1453 tempestas
468 1385 558 1440 subito
570 1394 657 1443 ooorta
666 1395 715 1454 aet,
737 1398 767 1445 ut
779 1391 855 1448 nulla

42 1477 137 1514 earum
157 1475 270 1514 cursum
290 1465 379 1511 tenere
395 1464 491 1528 posset,
513 1458 641 1515 seduliae
659 1462 761 1529 eodmn,
782 1465 855 1522 unde

42 1542 118 1590 erant
136 1533 279 1606 profectae,
304 1529 477 1602 reformem
499 1533 567 1588 aliae
580 1533 614 1589 ad
628 1533 777 1592 inferiorem
792 1555 854 1610 par-

41 1618 95 1665 tem
106 1607 222 1674 insulae,
234 1622 307 1680 ques
316 1612 356 1660 est
365 1607 475 1678 propius
484 1607 549 1664 solie
558 1624 691 1674 oooasum,
703 1627 801 1683 magno
810 1613 855 1668 sui

42 1703 105 1740 oum
115 1681 437 1757 perienlodeiioerentur3
459 1699 528 1754 quae
541 1690 640 1748 nmen,
661 1685 764 1738 anseris
779 1685 853 1744 iactis

41 1777 126 1832 quum
138 1758 270 1814 fluetibus
279 1754 486 1826 eomplerentur,
498 1757 645 1814 amessarin
654 1757 765 1815 adversa
779 1769 853 1817 nocta

41 1837 68 1890 in
77 1834 165 1890 altum
176 1837 319 1905 proveolae
327 1830 503 1886 eontinentem
513 1833 654 1904 petierunt.

95 1909 204 1964 XXIX.
224 1905 328 1962 Eodem
341 1913 416 1960 noete
429 1905 531 1974 aooidit,
552 1916 584 1964 ut
596 1916 665 1965 esset
681 1907 745 1966 luna
759 1909 848 1984 plena,

40 1985 87 2056 qui
100 1984 161 2040 dies
175 1982 330 2037 maritimos
344 1987 433 2034 aestus
447 1982 579 2039 maximos
592 1985 621 2040 in
632 1983 735 2041 Ooeano
748 1985 851 2044 elfioere

39 2059 193 2116 oonsuevit:
208 2054 651 2132 nostrisqueideratinoognitum.
670 2061 708 2116 Ita
717 2070 850 2118 uuotem-

39 2151 102 2206 pore
110 2141 138 2189 et
153 2133 252 2206 longas
265 2146 364 2193 naves,
384 2130 486 2202 quibus
496 2132 592 2189 Caesar
604 2135 749 2190 elrereiturn
761 2144 849 2192 nans-

39 2208 203 2280 portandum
213 2209 364 2269 curaverat,
378 2221 500 2278 quasque
512 2208 540 2264 in
553 2209 658 2265 aridum
673 2211 846 2275 subduxerat,

39 2291 126 2339 aestus
134 2279 306 2354 eomplebat;
326 2285 353 2333 et
364 2281 506 2347 onerarias,
521 2299 590 2356 quae
604 2285 639 2340 ad
653 2301 761 2341 nnooras
774 2291 849 2340 erant

39 2358 176 2433 deligatae,
187 2360 337 2426 tempestas
346 2351 506 2424 adflictabat;
528 2375 614 2432 neque
628 2359 683 2414 ulla
695 2359 793 2413 nostns
807 2356 848 2411 ia-

39 2433 122 2488 oultas
134 2439 184 2488 aut
193 2427 414 2496 administrandi,
426 2437 472 2485 aut
480 2431 628 2488 auxiliandi
636 2433 756 2488 debatur
767 2430 847 2488 Com-

9 2537 10 2540 =
41 2506 164 2578 pluribus
173 2505 297 2562 nauibus
307 2501 406 2570 raetis,
427 2504 544 2578 reliquae
557 2523 645 2579 quum
657 2511 753 2569 essent,
774 2503 847 2560 luni-

41 2581 99 2648 bus,
111 2581 220 2638 anooris
229 2577 399 2650 reliquisque
407 2581 579 2635 armamentis
591 2578 708 2641 amissis,
725 2577 760 2632 ed
771 2578 847 2632 neri-

43 2657 159 2728 gandum
169 2652 293 2718 Inutiles,
306 2667 414 2726 magna,
427 2653 455 2709 id
465 2653 537 2727 quod
546 2667 653 2709 neeesse
661 2650 844 2713 eretaeeidere,
