2078 2996
306 167 436 214 mam.
466 169 547 215 CAP.
562 170 606 215 41.
797 167 847 220 339

15 301 17 336 ῃ
47 267 212 325 transduxit.
231 267 269 322 lta
283 283 316 322 ax
328 273 442 340 utraque
454 275 528 340 parte
541 285 621 324 naves
635 267 726 342 longas
740 269 848 345 adgres«

15 377 17 412 Ι
48 363 107 410 sus,
120 339 272 416 quae'erant
285 341 412 416 deligatae
421 342 454 396 ad
467 351 562 399 terram
576 349 655 416 atque
669 345 769 410 inanes,
781 362 848 416 qua-

15 443 17 486 r
48 430 110 474 tucr
120 435 155 473 ex
164 418 207 472 hia
214 415 334 481 abduxit,
346 417 461 489 reliquas
471 417 594 473 incendit.
614 419 667 472 lloo
677 419 848 474 conlectone-

15 525 17 558 r
47 494 130 568 gotio,
144 494 173 548 D.
183 490 303 547 Laelium
315 491 349 545 ab
359 491 471 546 Asiatica
485 492 568 548 classe
577 493 719 548 abductum
730 493 845 565 reliquit,

48 569 98 641 qui
120 573 282 622 commeatus
300 565 404 621 Bullide
421 572 501 639 atque
521 567 644 622 Amantia
662 568 797 640 importari
819 570 847 624 in

15 675 17 710 r
48 643 181 714 oppidum
194 640 360 712 prohibebat:
389 641 456 713 ipse,
475 641 582 697 Lissum
600 641 745 714 proiectus,
765 660 847 698 naves
914 650 918 661 ¹

49 717 185 772 onerarias
199 715 312 790 triginta,
327 733 343 770 a
357 715 394 772 M.
404 716 518 772 Antonio
531 715 643 783 relictas,
658 717 727 773 intra
740 724 847 789 portum

15 809 16 860 j
50 792 84 846 ad
105 807 195 845 rossus
204 807 294 854 omnes
304 791 431 846 incendit:
451 792 717 866 Lissumexpuguara
726 800 844 858 conatus,

50 809 251 921 dodandentibus
268 865 372 920 civibus
389 867 528 931 Romanis,
558 867 605 940 qui
625 868 683 922 eius
701 875 846 924 conventus

50 948 134 1006 erant,
145 940 338 1012 militibusque,
355 958 422 1014 quos
431 942 554 1014 praesidii
564 960 657 998 caussa
665 943 772 999 miserat
781 943 847 999 Cae-

52 1035 106 1081 sar,
122 1015 238 1071 triduum
248 1023 374 1092 moratus,
386 1017 477 1088 paucis
487 1018 515 1074 in
525 1018 719 1092 oppugnatione
728 1017 845 1083 amissis,

49 1109 78 1146 re
87 1089 188 1155 inlecta,
200 1090 261 1146 indo
270 1090 398 1145 discessit.

105 1166 173 1220 XLl.
193 1165 297 1230 Cacsar,
312 1172 452 1236 postquam
461 1165 615 1236 Pompeium
628 1164 661 1220 ad
670 1167 847 1240 Asparagium

48 1257 108 1295 esse
117 1241 247 1314 cognovit,
254 1239 346 1294 eodem
355 1255 417 1293 cum
426 1240 540 1294 exercitu
551 1238 688 1310 profectus,
695 1249 847 1314 expugnato

51 1318 79 1370 in
91 1315 182 1372 itincre
194 1313 291 1386 oppido
301 1313 496 1378 Parthinorum,
517 1314 545 1368 in
553 1331 610 1384 quo
616 1315 756 1386 Pompeius
769 1332 847 1387 prae-

50 1389 151 1444 sidium
159 1390 281 1453 habebat,
292 1388 368 1443 tertio
376 1387 419 1442 die
428 1388 456 1442 in
465 1387 642 1443 Macedoniam
653 1387 686 1442 ad
691 1390 847 1459 Pompeium

51 1465 178 1536 pervenit,
198 1463 326 1534 iuxtaque
334 1479 396 1523 oum
409 1469 492 1517 castra
500 1463 589 1532 posuit
598 1469 623 1518 ot
631 1462 765 1532 postridie,
781 1463 848 1518 edu-

49 1541 98 1594 ctis
107 1537 234 1594 omnibus
241 1538 333 1608 copiis,
353 1553 407 1591 acre
416 1540 551 1602 instructa,
568 1535 722 1592 decernendi
734 1543 847 1608 potesta-¹

49 1624 104 1670 tem
117 1611 240 1684 Pompeio
254 1611 323 1666 fecit.
343 1611 394 1666 Ubi
410 1611 486 1666 illum
499 1611 555 1666 suis
568 1609 632 1666 locis
647 1627 676 1666 se
688 1619 775 1666 tenere
789 1629 847 1666 anr-

50 1705 126 1742 mum
148 1686 268 1750 advertit,
288 1685 397 1741 reducto
411 1687 440 1741 in
456 1694 540 1740 castra
557 1686 682 1752 exercitu,
702 1685 776 1740 aliud
793 1686 848 1742 sihi

49 1760 192 1817 consilium
206 1761 368 1832 capiundum
382 1760 552 1817 existimavit.
577 1762 668 1834 ltaque
680 1768 784 1833 postue
802 1760 847 1816 dia

49 1835 176 1892 omnibus
190 1835 281 1908 copiis,
305 1852 402 1910 magno
418 1836 539 1902 circuitu,
559 1835 660 1891 difficili
679 1842 847 1910 angustoque

49 1913 150 1978 itinere,
161 1911 355 1986 Dyrrhachium
364 1909 494 1984 proiectus
504 1917 552 1977 cst,
565 1911 846 1984 sperans,Pompeium

50 1995 95 2042 aut
103 1987 297 2063 Dyrrhachium
306 1986 436 2060 compelli,
458 1994 504 2042 aut
515 1986 549 2042 ab
563 2003 593 2042 eo
607 1985 745 2042 intercludi
754 2003 843 2059 posse,

50 2062 122 2134 quod
130 2080 235 2118 omnem
244 2070 420 2118 commeatum
430 2062 563 2135 totiusque
575 2061 639 2117 helli
648 2063 803 2135 adparatum
813 2079 845 2118 eo

50 2137 365 2194 mutulisseteutacoidit.
385 2137 844 2213 Pompoiusenim,primoignorans
898 2193 903 2202 ,

50 2211 108 2266 eius
118 2212 266 2279 consilium,
278 2213 351 2286 quod
359 2213 466 2268 diverso
474 2211 509 2268 ab
517 2229 547 2268 ea
560 2213 665 2286 regione
681 2213 773 2270 itinere
781 2229 844 2285 pro-

50 2286 268 2354 fectumvidebat,
288 2288 419 2362 angrmiis
434 2287 471 2342 r'ei
481 2287 665 2344 frumentariae
674 2287 845 2360 compulsum

50 2361 384 2419 discessissoexistimahat:
404 2369 556 2434 postea,per
565 2361 741 2434 exploratores
750 2360 845 2415 certior

49 2436 142 2502 sactus,
163 2442 266 2508 postero
274 2436 316 2492 die
324 2445 408 2492 castra
417 2437 509 2504 movit,
529 2437 649 2492 breviora
661 2437 844 2491 itinereseoc-

50 2528 153 2566 currere
168 2509 193 2565 ei
201 2527 278 2580 posse
287 2529 405 2582 sperans.
426 2510 503 2578 Quod
517 2510 572 2566 fore
584 2510 735 2582 auspicatus
748 2507 844 2564 Caesar
926 2521 931 2534 “

51 2585 199 2658 militesque
208 2584 368 2652 adhortatus,
381 2593 410 2641 ut
419 2603 503 2658 aequo
512 2585 601 2640 animo
610 2584 725 2640 lahorem
736 2581 841 2647 ferrent,

52 2655 843 2738 pampertenmusitinereintermisso,mamuyrrhachium
930 2669 933 2674 ·

630 2752 678 2810 Yi
715 2759 718 2766 ⁴
