<?xml version="1.0" encoding="UTF-8"?>
<!DOCTYPE html PUBLIC "-//W3C//DTD XHTML 1.0 Transitional//EN"
    "http://www.w3.org/TR/xhtml1/DTD/xhtml1-transitional.dtd">
<html xmlns="http://www.w3.org/1999/xhtml" xml:lang="en" lang="en">
 <head>
  <title>
</title>
<meta http-equiv="Content-Type" content="text/html;charset=utf-8" />
  <meta name='ocr-system' content='tesseract 3.04.00' />
  <meta name='ocr-capabilities' content='ocr_page ocr_carea ocr_par ocr_line ocrx_word'/>
</head>
<body>
  <div class='ocr_page' id='page_1' title='image "./ciuliicaesarisc04caesgoog_0057.png"; bbox 0 0 2064 2996; ppageno 0'>
   <div class='ocr_carea' id='block_1_1' title="bbox 173 157 762 210">
    <p class='ocr_par' dir='ltr' id='par_1_1' title="bbox 173 157 762 210">
     <span class='ocr_line' id='line_1_1' title="bbox 173 157 762 210; baseline -0.01 -2"><span class='ocrx_word' id='word_1_1' title='bbox 173 159 205 210; x_wconf 73' lang='lat'><strong>52</strong></span> <span class='ocrx_word' id='word_1_2' title='bbox 377 162 429 206; x_wconf 90' lang='lat' dir='ltr'><strong>DE</strong></span> <span class='ocrx_word' id='word_1_3' title='bbox 451 159 574 204; x_wconf 85' lang='lat' dir='ltr'>BELLO</span> <span class='ocrx_word' id='word_1_4' title='bbox 595 157 762 203; x_wconf 87' lang='lat' dir='ltr'>GALLICO</span> 
     </span>
    </p>
   </div>
   <div class='ocr_carea' id='block_1_2' title="bbox 171 253 975 407">
    <p class='ocr_par' dir='ltr' id='par_1_2' title="bbox 171 253 975 407">
     <span class='ocr_line' id='line_1_2' title="bbox 173 253 975 390; baseline 0 -75"><span class='ocrx_word' id='word_1_5' title='bbox 173 261 293 390; x_wconf 54' lang='lat' dir='ltr'><strong>liniltiqqis</strong></span> <span class='ocrx_word' id='word_1_6' title='bbox 303 260 449 332; x_wconf 87' lang='lat' dir='ltr'><strong>imperavit,</strong></span> <span class='ocrx_word' id='word_1_7' title='bbox 461 265 491 312; x_wconf 92' lang='lat' dir='ltr'><strong>ut</strong></span> <span class='ocrx_word' id='word_1_8' title='bbox 501 258 533 312; x_wconf 89' lang='lat' dir='ltr'><strong>ab</strong></span> <span class='ocrx_word' id='word_1_9' title='bbox 543 257 639 311; x_wconf 84' lang='lat' dir='ltr'><strong>iniuria</strong></span> <span class='ocrx_word' id='word_1_10' title='bbox 649 262 674 310; x_wconf 94' lang='lat' dir='ltr'><strong>et</strong></span> <span class='ocrx_word' id='word_1_11' title='bbox 682 253 808 310; x_wconf 81' lang='lat' dir='ltr'><strong>maleficio</strong></span> <span class='ocrx_word' id='word_1_12' title='bbox 816 272 845 310; x_wconf 90' lang='lat' dir='ltr'><strong>se</strong></span> <span class='ocrx_word' id='word_1_13' title='bbox 854 273 975 332; x_wconf 89' lang='lat' dir='ltr'><strong>suosque</strong></span> 
     </span>
     <span class='ocr_line' id='line_1_3' title="bbox 171 336 921 407; baseline 0.007 -19"><span class='ocrx_word' id='word_1_14' title='bbox 171 353 219 407; x_wconf 93' lang='lat' dir='ltr'><strong>pro</strong></span> <span class='ocrx_word' id='word_1_15' title='bbox 239 336 247 388; x_wconf 93' lang='lat' dir='ltr'><strong>i</strong></span> <span class='ocrx_word' id='word_1_16' title='bbox 267 342 348 389; x_wconf 88' lang='lat' dir='ltr'><strong>erent.</strong></span> <span class='ocrx_word' id='word_1_17' title='bbox 920 349 921 352; x_wconf 76' lang='grc'>’</span> 
     </span>
    </p>
   </div>
   <div class='ocr_carea' id='block_1_3' title="bbox 153 437 1023 1842">
    <p class='ocr_par' dir='ltr' id='par_1_3' title="bbox 171 437 974 736">
     <span class='ocr_line' id='line_1_4' title="bbox 226 437 971 510; baseline -0.007 -11"><span class='ocrx_word' id='word_1_18' title='bbox 226 443 327 498; x_wconf 86' lang='lat' dir='ltr'>XXIX.</span> <span class='ocrx_word' id='word_1_19' title='bbox 355 440 498 503; x_wconf 73' lang='lat' dir='ltr'><strong>Aduatuci,</strong></span> <span class='ocrx_word' id='word_1_20' title='bbox 524 437 680 509; x_wconf 88' lang='lat' dir='ltr'><strong>dequibus</strong></span> <span class='ocrx_word' id='word_1_21' title='bbox 703 439 971 510; x_wconf 86' lang='lat' dir='ltr'><strong>suprascripsimus,</strong></span> 
     </span>
     <span class='ocr_line' id='line_1_5' title="bbox 172 511 974 589; baseline -0.004 -17"><span class='ocrx_word' id='word_1_22' title='bbox 172 535 257 589; x_wconf 87' lang='lat' dir='ltr'><strong>quum</strong></span> <span class='ocrx_word' id='word_1_23' title='bbox 269 515 394 572; x_wconf 88' lang='lat' dir='ltr'><strong>omnibus</strong></span> <span class='ocrx_word' id='word_1_24' title='bbox 407 514 489 584; x_wconf 88' lang='lat' dir='ltr'><strong>copiis</strong></span> <span class='ocrx_word' id='word_1_25' title='bbox 499 511 598 568; x_wconf 86' lang='lat' dir='ltr'><strong>auxilio</strong></span> <span class='ocrx_word' id='word_1_26' title='bbox 607 512 711 568; x_wconf 89' lang='lat' dir='ltr'><strong>Nerviis</strong></span> <span class='ocrx_word' id='word_1_27' title='bbox 720 513 848 578; x_wconf 81' lang='lat' dir='ltr'><strong>venirent,</strong></span> <span class='ocrx_word' id='word_1_28' title='bbox 860 512 911 567; x_wconf 86' lang='lat' dir='ltr'><strong>hac</strong></span> <span class='ocrx_word' id='word_1_29' title='bbox 918 531 974 584; x_wconf 86' lang='lat' dir='ltr'><strong>pu-</strong></span> 
     </span>
     <span class='ocr_line' id='line_1_6' title="bbox 171 587 972 664; baseline -0.005 -18"><span class='ocrx_word' id='word_1_30' title='bbox 171 609 223 664; x_wconf 86' lang='lat' dir='ltr'><strong>gna</strong></span> <span class='ocrx_word' id='word_1_31' title='bbox 239 591 371 652; x_wconf 86' lang='lat' dir='ltr'><strong>nunciata,</strong></span> <span class='ocrx_word' id='word_1_32' title='bbox 391 605 425 642; x_wconf 81' lang='lat' dir='ltr'><strong>ex</strong></span> <span class='ocrx_word' id='word_1_33' title='bbox 438 587 530 642; x_wconf 86' lang='lat' dir='ltr'><strong>itinere</strong></span> <span class='ocrx_word' id='word_1_34' title='bbox 543 587 653 641; x_wconf 87' lang='lat' dir='ltr'><strong>domum</strong></span> <span class='ocrx_word' id='word_1_35' title='bbox 672 593 845 655; x_wconf 82' lang='lat' dir='ltr'><strong>reverterunt3</strong></span> <span class='ocrx_word' id='word_1_36' title='bbox 867 590 972 642; x_wconf 90' lang='lat' dir='ltr'><strong>cunctis</strong></span> 
     </span>
     <span class='ocr_line' id='line_1_7' title="bbox 171 659 972 736; baseline -0.004 -16"><span class='ocrx_word' id='word_1_37' title='bbox 171 665 275 736; x_wconf 79' lang='lat' dir='ltr'><strong>oppidis</strong></span> <span class='ocrx_word' id='word_1_38' title='bbox 283 661 450 733; x_wconf 87' lang='lat' dir='ltr'><strong>castellisque</strong></span> <span class='ocrx_word' id='word_1_39' title='bbox 459 661 576 726; x_wconf 82' lang='lat' dir='ltr'>desertis,</span> <span class='ocrx_word' id='word_1_40' title='bbox 592 659 738 716; x_wconf 80' lang='lat' dir='ltr'><strong>suacmnic</strong></span> <span class='ocrx_word' id='word_1_41' title='bbox 751 661 779 715; x_wconf 92' lang='lat' dir='ltr'><strong>in</strong></span> <span class='ocrx_word' id='word_1_42' title='bbox 793 677 880 716; x_wconf 91' lang='lat' dir='ltr'><strong>unum</strong></span> <span class='ocrx_word' id='word_1_43' title='bbox 893 664 972 733; x_wconf 88' lang='lat' dir='ltr'><strong>oppi-</strong></span> 
     </span>
    </p>

    <p class='ocr_par' dir='ltr' id='par_1_4' title="bbox 153 733 1023 1472">
     <span class='ocr_line' id='line_1_8' title="bbox 153 733 986 810; baseline -0.002 -17"><span class='ocrx_word' id='word_1_44' title='bbox 153 739 250 802; x_wconf 83' lang='lat' dir='ltr'><strong>dum,</strong></span> <span class='ocrx_word' id='word_1_45' title='bbox 273 735 376 810; x_wconf 74' lang='lat' dir='ltr'><strong>egregie</strong></span> <span class='ocrx_word' id='word_1_46' title='bbox 398 743 491 790; x_wconf 88' lang='lat' dir='ltr'><strong>natura</strong></span> <span class='ocrx_word' id='word_1_47' title='bbox 513 736 661 799; x_wconf 89' lang='lat' dir='ltr'><strong>munitum,</strong></span> <span class='ocrx_word' id='word_1_48' title='bbox 683 733 859 790; x_wconf 80' lang='lat' dir='ltr'><strong>mntrrlcrunt.</strong></span> <span class='ocrx_word' id='word_1_49' title='bbox 892 734 986 802; x_wconf 46' lang='lat' dir='ltr'><strong>Quod„</strong></span> 
     </span>
     <span class='ocr_line' id='line_1_9' title="bbox 171 807 970 884; baseline -0.003 -18"><span class='ocrx_word' id='word_1_50' title='bbox 171 829 256 884; x_wconf 88' lang='lat' dir='ltr'><strong>quum</strong></span> <span class='ocrx_word' id='word_1_51' title='bbox 266 827 299 864; x_wconf 83' lang='lat' dir='ltr'><strong>ex</strong></span> <span class='ocrx_word' id='word_1_52' title='bbox 308 810 432 866; x_wconf 87' lang='lat' dir='ltr'><strong>omnibus</strong></span> <span class='ocrx_word' id='word_1_53' title='bbox 443 811 470 865; x_wconf 89' lang='lat' dir='ltr'><strong>in</strong></span> <span class='ocrx_word' id='word_1_54' title='bbox 480 809 719 880; x_wconf 83' lang='lat' dir='ltr'><strong>circuitu-pertibus</strong></span> <span class='ocrx_word' id='word_1_55' title='bbox 733 807 874 864; x_wconf 83' lang='lat' dir='ltr'><strong>altissimas</strong></span> <span class='ocrx_word' id='word_1_56' title='bbox 889 827 970 880; x_wconf 87' lang='lat' dir='ltr'><strong>rupes</strong></span> 
     </span>
     <span class='ocr_line' id='line_1_10' title="bbox 170 881 970 956; baseline 0 -18"><span class='ocrx_word' id='word_1_57' title='bbox 170 885 361 956; x_wconf 86' lang='lat' dir='ltr'><strong>despectusque</strong></span> <span class='ocrx_word' id='word_1_58' title='bbox 368 884 483 948; x_wconf 87' lang='lat' dir='ltr'><strong>haberet,</strong></span> <span class='ocrx_word' id='word_1_59' title='bbox 498 901 552 939; x_wconf 83' lang='lat' dir='ltr'><strong>nna</strong></span> <span class='ocrx_word' id='word_1_60' title='bbox 560 901 593 938; x_wconf 83' lang='lat' dir='ltr'><strong>ex</strong></span> <span class='ocrx_word' id='word_1_61' title='bbox 603 889 674 954; x_wconf 90' lang='lat' dir='ltr'><strong>parte</strong></span> <span class='ocrx_word' id='word_1_62' title='bbox 683 881 775 937; x_wconf 86' lang='lat' dir='ltr'><strong>leniter</strong></span> <span class='ocrx_word' id='word_1_63' title='bbox 788 882 899 938; x_wconf 80' lang='lat' dir='ltr'>adclivis</span> <span class='ocrx_word' id='word_1_64' title='bbox 912 885 970 938; x_wconf 83' lang='lat' dir='ltr'><strong>edi-</strong></span> 
     </span>
     <span class='ocr_line' id='line_1_11' title="bbox 170 957 970 1028; baseline 0.003 -16"><span class='ocrx_word' id='word_1_65' title='bbox 170 967 223 1023; x_wconf 85' lang='lat' dir='ltr'><strong>tus,</strong></span> <span class='ocrx_word' id='word_1_66' title='bbox 245 959 274 1014; x_wconf 94' lang='lat' dir='ltr'><strong>in</strong></span> <span class='ocrx_word' id='word_1_67' title='bbox 287 957 453 1013; x_wconf 89' lang='lat' dir='ltr'><strong>latitudinem</strong></span> <span class='ocrx_word' id='word_1_68' title='bbox 467 975 519 1012; x_wconf 88' lang='lat' dir='ltr'><strong>non</strong></span> <span class='ocrx_word' id='word_1_69' title='bbox 529 957 643 1028; x_wconf 88' lang='lat' dir='ltr'><strong>amplius</strong></span> <span class='ocrx_word' id='word_1_70' title='bbox 654 957 695 1012; x_wconf 87' lang='lat' dir='ltr'><strong>CC</strong></span> <span class='ocrx_word' id='word_1_71' title='bbox 706 957 813 1028; x_wconf 90' lang='lat' dir='ltr'><strong>pedum,</strong></span> <span class='ocrx_word' id='word_1_72' title='bbox 835 957 970 1028; x_wconf 85' lang='lat' dir='ltr'><strong>relinque-</strong></span> 
     </span>
     <span class='ocr_line' id='line_1_12' title="bbox 169 1031 966 1103; baseline -0.001 -16"><span class='ocrx_word' id='word_1_73' title='bbox 169 1033 261 1087; x_wconf 91' lang='lat' dir='ltr'><strong>batur:</strong></span> <span class='ocrx_word' id='word_1_74' title='bbox 282 1031 362 1103; x_wconf 83' lang='lat' dir='ltr'><strong>quein</strong></span> <span class='ocrx_word' id='word_1_75' title='bbox 375 1032 463 1087; x_wconf 90' lang='lat' dir='ltr'><strong>locum</strong></span> <span class='ocrx_word' id='word_1_76' title='bbox 472 1032 570 1102; x_wconf 79' lang='lat' dir='ltr'>duplici</span> <span class='ocrx_word' id='word_1_77' title='bbox 581 1031 710 1086; x_wconf 86' lang='lat' dir='ltr'><strong>altissimo</strong></span> <span class='ocrx_word' id='word_1_78' title='bbox 719 1047 796 1085; x_wconf 90' lang='lat' dir='ltr'><strong>muro</strong></span> <span class='ocrx_word' id='word_1_79' title='bbox 805 1032 966 1100; x_wconf 78' lang='lat' dir='ltr'><strong>munierant,</strong></span> 
     </span>
     <span class='ocr_line' id='line_1_13' title="bbox 169 1104 1023 1178; baseline 0.001 -19"><span class='ocrx_word' id='word_1_80' title='bbox 169 1115 228 1159; x_wconf 89' lang='lat' dir='ltr'><strong>tum</strong></span> <span class='ocrx_word' id='word_1_81' title='bbox 237 1105 329 1178; x_wconf 81' lang='lat' dir='ltr'><strong>magni</strong></span> <span class='ocrx_word' id='word_1_82' title='bbox 339 1106 461 1177; x_wconf 86' lang='lat' dir='ltr'><strong>ponderis</strong></span> <span class='ocrx_word' id='word_1_83' title='bbox 471 1121 535 1160; x_wconf 87' lang='lat' dir='ltr'><strong>saxa</strong></span> <span class='ocrx_word' id='word_1_84' title='bbox 548 1113 573 1158; x_wconf 92' lang='lat' dir='ltr'><strong>et</strong></span> <span class='ocrx_word' id='word_1_85' title='bbox 586 1112 735 1175; x_wconf 85' lang='lat' dir='ltr'><strong>praeacutas</strong></span> <span class='ocrx_word' id='word_1_86' title='bbox 751 1104 836 1158; x_wconf 85' lang='lat' dir='ltr'><strong>trabes</strong></span> <span class='ocrx_word' id='word_1_87' title='bbox 849 1105 876 1158; x_wconf 91' lang='lat' dir='ltr'><strong>in</strong></span> <span class='ocrx_word' id='word_1_88' title='bbox 891 1123 969 1160; x_wconf 85' lang='lat' dir='ltr'><strong>muro</strong></span> <span class='ocrx_word' id='word_1_89' title='bbox 1022 1149 1023 1172; x_wconf 78' lang='lat'><strong>,</strong></span> 
     </span>
     <span class='ocr_line' id='line_1_14' title="bbox 169 1179 1023 1264; baseline 0 -30"><span class='ocrx_word' id='word_1_90' title='bbox 169 1179 334 1234; x_wconf 87' lang='lat' dir='ltr'><strong>collocarant.</strong></span> <span class='ocrx_word' id='word_1_91' title='bbox 354 1180 407 1250; x_wconf 87' lang='lat' dir='ltr'><strong>Ipsi</strong></span> <span class='ocrx_word' id='word_1_92' title='bbox 417 1187 491 1233; x_wconf 84' lang='lat' dir='ltr'><strong>erant</strong></span> <span class='ocrx_word' id='word_1_93' title='bbox 500 1196 533 1233; x_wconf 87' lang='lat' dir='ltr'><strong>ex</strong></span> <span class='ocrx_word' id='word_1_94' title='bbox 542 1179 657 1233; x_wconf 81' lang='lat' dir='ltr'><strong>Cimbris</strong></span> <span class='ocrx_word' id='word_1_95' title='bbox 668 1179 845 1248; x_wconf 84' lang='lat' dir='ltr'><strong>Teutonisque</strong></span> <span class='ocrx_word' id='word_1_96' title='bbox 853 1195 968 1250; x_wconf 82' lang='lat' dir='ltr'><strong>progna-</strong></span> <span class='ocrx_word' id='word_1_97' title='bbox 1022 1211 1023 1264; x_wconf 66' lang='lat' dir='ltr'>t</span> 
     </span>
     <span class='ocr_line' id='line_1_15' title="bbox 170 1251 1023 1325; baseline 0.002 -19"><span class='ocrx_word' id='word_1_98' title='bbox 170 1254 204 1322; x_wconf 89' lang='lat' dir='ltr'><strong>ti;</strong></span> <span class='ocrx_word' id='word_1_99' title='bbox 218 1254 275 1325; x_wconf 88' lang='lat' dir='ltr'><strong>qui,</strong></span> <span class='ocrx_word' id='word_1_100' title='bbox 288 1269 374 1324; x_wconf 89' lang='lat' dir='ltr'><strong>quum</strong></span> <span class='ocrx_word' id='word_1_101' title='bbox 384 1254 431 1307; x_wconf 88' lang='lat' dir='ltr'><strong>iter</strong></span> <span class='ocrx_word' id='word_1_102' title='bbox 442 1253 468 1306; x_wconf 88' lang='lat' dir='ltr'><strong>in</strong></span> <span class='ocrx_word' id='word_1_103' title='bbox 479 1251 641 1323; x_wconf 87' lang='lat' dir='ltr'><strong>provinciam</strong></span> <span class='ocrx_word' id='word_1_104' title='bbox 651 1260 768 1306; x_wconf 84' lang='lat' dir='ltr'><strong>nostram</strong></span> <span class='ocrx_word' id='word_1_105' title='bbox 778 1260 855 1322; x_wconf 86' lang='lat' dir='ltr'><strong>atquo</strong></span> <span class='ocrx_word' id='word_1_106' title='bbox 865 1253 966 1309; x_wconf 87' lang='lat' dir='ltr'><strong>Italiam</strong></span> <span class='ocrx_word' id='word_1_107' title='bbox 1022 1267 1023 1318; x_wconf 65' lang='lat'>1</span> 
     </span>
     <span class='ocr_line' id='line_1_16' title="bbox 168 1326 968 1398; baseline 0.001 -16"><span class='ocrx_word' id='word_1_108' title='bbox 168 1326 291 1392; x_wconf 85' lang='lat' dir='ltr'><strong>facerent,</strong></span> <span class='ocrx_word' id='word_1_109' title='bbox 303 1327 336 1380; x_wconf 90' lang='lat' dir='ltr'><strong>iis</strong></span> <span class='ocrx_word' id='word_1_110' title='bbox 346 1326 550 1398; x_wconf 70' lang='lat' dir='ltr'><strong>impedimentis,</strong></span> <span class='ocrx_word' id='word_1_111' title='bbox 566 1343 634 1396; x_wconf 87' lang='lat' dir='ltr'><strong>quae</strong></span> <span class='ocrx_word' id='word_1_112' title='bbox 644 1341 732 1379; x_wconf 87' lang='lat' dir='ltr'><strong>secum</strong></span> <span class='ocrx_word' id='word_1_113' title='bbox 743 1343 818 1398; x_wconf 81' lang='lat' dir='ltr'><strong>agere</strong></span> <span class='ocrx_word' id='word_1_114' title='bbox 827 1341 857 1380; x_wconf 86' lang='lat' dir='ltr'><strong>ac</strong></span> <span class='ocrx_word' id='word_1_115' title='bbox 865 1335 968 1398; x_wconf 84' lang='lat' dir='ltr'><strong>portare</strong></span> 
     </span>
     <span class='ocr_line' id='line_1_17' title="bbox 169 1399 967 1472; baseline 0.001 -16"><span class='ocrx_word' id='word_1_116' title='bbox 169 1417 223 1456; x_wconf 92' lang='lat' dir='ltr'><strong>non</strong></span> <span class='ocrx_word' id='word_1_117' title='bbox 233 1407 359 1472; x_wconf 80' lang='lat' dir='ltr'>poterant,</span> <span class='ocrx_word' id='word_1_118' title='bbox 375 1401 438 1456; x_wconf 89' lang='lat' dir='ltr'><strong>citra</strong></span> <span class='ocrx_word' id='word_1_119' title='bbox 447 1399 545 1456; x_wconf 87' lang='lat' dir='ltr'><strong>flumen</strong></span> <span class='ocrx_word' id='word_1_120' title='bbox 556 1401 678 1454; x_wconf 81' lang='lat' dir='ltr'><strong>Rhenum</strong></span> <span class='ocrx_word' id='word_1_121' title='bbox 688 1399 820 1470; x_wconf 88' lang='lat' dir='ltr'><strong>depositis,</strong></span> <span class='ocrx_word' id='word_1_122' title='bbox 834 1401 967 1458; x_wconf 81' lang='lat' dir='ltr'>custodiae</span> 
     </span>
    </p>

    <p class='ocr_par' dir='ltr' id='par_1_5' title="bbox 168 1473 968 1842">
     <span class='ocr_line' id='line_1_18' title="bbox 168 1473 967 1547; baseline 0 -17"><span class='ocrx_word' id='word_1_123' title='bbox 168 1492 202 1530; x_wconf 85' lang='lat' dir='ltr'><strong>cx</strong></span> <span class='ocrx_word' id='word_1_124' title='bbox 212 1475 269 1530; x_wconf 89' lang='lat' dir='ltr'><strong>suis</strong></span> <span class='ocrx_word' id='word_1_125' title='bbox 279 1473 446 1547; x_wconf 88' lang='lat' dir='ltr'><strong>acpraesidic</strong></span> <span class='ocrx_word' id='word_1_126' title='bbox 461 1493 509 1530; x_wconf 86' lang='lat' dir='ltr'><strong>serr</strong></span> <span class='ocrx_word' id='word_1_127' title='bbox 523 1474 606 1528; x_wconf 87' lang='lat' dir='ltr'><strong>millia</strong></span> <span class='ocrx_word' id='word_1_128' title='bbox 621 1473 759 1528; x_wconf 88' lang='lat' dir='ltr'><strong>bominum</strong></span> <span class='ocrx_word' id='word_1_129' title='bbox 779 1489 833 1528; x_wconf 86' lang='lat' dir='ltr'><strong>una</strong></span> <span class='ocrx_word' id='word_1_130' title='bbox 853 1474 967 1547; x_wconf 88' lang='lat' dir='ltr'><strong>relique-</strong></span> 
     </span>
     <span class='ocr_line' id='line_1_19' title="bbox 168 1547 967 1621; baseline -0.003 -16"><span class='ocrx_word' id='word_1_131' title='bbox 168 1557 241 1606; x_wconf 82' lang='lat' dir='ltr'><strong>rrmt.</strong></span> <span class='ocrx_word' id='word_1_132' title='bbox 262 1551 304 1616; x_wconf 90' lang='lat' dir='ltr'><strong>Hi,</strong></span> <span class='ocrx_word' id='word_1_133' title='bbox 316 1557 376 1621; x_wconf 90' lang='lat' dir='ltr'><strong>post</strong></span> <span class='ocrx_word' id='word_1_134' title='bbox 385 1550 595 1612; x_wconf 85' lang='lat' dir='ltr'><strong>eorumobitum,</strong></span> <span class='ocrx_word' id='word_1_135' title='bbox 613 1547 711 1602; x_wconf 85' lang='lat' dir='ltr'><strong>multos</strong></span> <span class='ocrx_word' id='word_1_136' title='bbox 720 1561 802 1601; x_wconf 85' lang='lat' dir='ltr'><strong>annos</strong></span> <span class='ocrx_word' id='word_1_137' title='bbox 817 1565 832 1600; x_wconf 90' lang='lat' dir='ltr'><strong>a</strong></span> <span class='ocrx_word' id='word_1_138' title='bbox 846 1547 967 1603; x_wconf 78' lang='lat' dir='ltr'><strong>finitimis</strong></span> 
     </span>
     <span class='ocr_line' id='line_1_20' title="bbox 168 1619 968 1698; baseline -0.004 -17"><span class='ocrx_word' id='word_1_139' title='bbox 168 1625 302 1698; x_wconf 81' lang='lat' dir='ltr'><strong>exagitati,</strong></span> <span class='ocrx_word' id='word_1_140' title='bbox 313 1641 399 1698; x_wconf 85' lang='lat' dir='ltr'><strong>quum</strong></span> <span class='ocrx_word' id='word_1_141' title='bbox 408 1623 472 1680; x_wconf 83' lang='lat' dir='ltr'><strong>alies</strong></span> <span class='ocrx_word' id='word_1_142' title='bbox 482 1623 581 1678; x_wconf 84' lang='lat' dir='ltr'><strong>bellum</strong></span> <span class='ocrx_word' id='word_1_143' title='bbox 591 1621 724 1682; x_wconf 84' lang='lat' dir='ltr'><strong>inferrent,</strong></span> <span class='ocrx_word' id='word_1_144' title='bbox 736 1620 801 1675; x_wconf 90' lang='lat' dir='ltr'><strong>alias</strong></span> <span class='ocrx_word' id='word_1_145' title='bbox 809 1619 914 1676; x_wconf 89' lang='lat' dir='ltr'><strong>illatum</strong></span> <span class='ocrx_word' id='word_1_146' title='bbox 920 1623 968 1678; x_wconf 86' lang='lat' dir='ltr'><strong>de-</strong></span> 
     </span>
     <span class='ocr_line' id='line_1_21' title="bbox 169 1692 968 1764; baseline -0.001 -12"><span class='ocrx_word' id='word_1_147' title='bbox 169 1698 311 1764; x_wconf 86' lang='lat' dir='ltr'><strong>lenderent,</strong></span> <span class='ocrx_word' id='word_1_148' title='bbox 332 1714 462 1755; x_wconf 89' lang='lat' dir='ltr'><strong>consensu</strong></span> <span class='ocrx_word' id='word_1_149' title='bbox 473 1713 563 1751; x_wconf 91' lang='lat' dir='ltr'><strong>eorum</strong></span> <span class='ocrx_word' id='word_1_150' title='bbox 577 1696 698 1750; x_wconf 89' lang='lat' dir='ltr'><strong>omnium</strong></span> <span class='ocrx_word' id='word_1_151' title='bbox 717 1711 779 1764; x_wconf 87' lang='lat' dir='ltr'><strong>pace</strong></span> <span class='ocrx_word' id='word_1_152' title='bbox 797 1692 872 1761; x_wconf 85' lang='lat' dir='ltr'><strong>lacta,</strong></span> <span class='ocrx_word' id='word_1_153' title='bbox 896 1697 968 1751; x_wconf 85' lang='lat' dir='ltr'><strong>hunc</strong></span> 
     </span>
     <span class='ocr_line' id='line_1_22' title="bbox 169 1769 913 1842; baseline -0.008 -16"><span class='ocrx_word' id='word_1_154' title='bbox 169 1772 220 1826; x_wconf 92' lang='lat' dir='ltr'><strong>sibi</strong></span> <span class='ocrx_word' id='word_1_155' title='bbox 230 1772 364 1827; x_wconf 88' lang='lat' dir='ltr'><strong>domicilio</strong></span> <span class='ocrx_word' id='word_1_156' title='bbox 375 1772 461 1826; x_wconf 89' lang='lat' dir='ltr'><strong>locum</strong></span> <span class='ocrx_word' id='word_1_157' title='bbox 471 1769 632 1842; x_wconf 82' lang='lat' dir='ltr'><strong>delegerunt.</strong></span> <span class='ocrx_word' id='word_1_158' title='bbox 910 1790 913 1798; x_wconf 28' lang='grc' dir='ltr'><strong>Δ</strong></span> 
     </span>
    </p>
   </div>
   <div class='ocr_carea' id='block_1_4' title="bbox 68 1883 1023 2700">
    <p class='ocr_par' dir='ltr' id='par_1_6' title="bbox 169 1883 972 2325">
     <span class='ocr_line' id='line_1_23' title="bbox 224 1883 968 1956; baseline 0.004 -18"><span class='ocrx_word' id='word_1_159' title='bbox 224 1885 313 1940; x_wconf 90' lang='lat' dir='ltr'>XXX.</span> <span class='ocrx_word' id='word_1_160' title='bbox 333 1887 372 1940; x_wconf 84' lang='lat' dir='ltr'><strong>Ac</strong></span> <span class='ocrx_word' id='word_1_161' title='bbox 384 1885 470 1956; x_wconf 89' lang='lat' dir='ltr'><strong>primo</strong></span> <span class='ocrx_word' id='word_1_162' title='bbox 484 1884 598 1940; x_wconf 87' lang='lat' dir='ltr'><strong>adventu</strong></span> <span class='ocrx_word' id='word_1_163' title='bbox 617 1883 745 1938; x_wconf 74' lang='lat' dir='ltr'><strong>exercitus</strong></span> <span class='ocrx_word' id='word_1_164' title='bbox 765 1883 846 1938; x_wconf 88' lang='lat' dir='ltr'><strong>nostri</strong></span> <span class='ocrx_word' id='word_1_165' title='bbox 863 1885 968 1940; x_wconf 87' lang='lat' dir='ltr'><strong>crebras</strong></span> 
     </span>
     <span class='ocr_line' id='line_1_24' title="bbox 169 1957 969 2030; baseline 0.003 -18"><span class='ocrx_word' id='word_1_166' title='bbox 169 1975 203 2012; x_wconf 86' lang='lat' dir='ltr'><strong>ex</strong></span> <span class='ocrx_word' id='word_1_167' title='bbox 220 1959 316 2029; x_wconf 89' lang='lat' dir='ltr'><strong>oppido</strong></span> <span class='ocrx_word' id='word_1_168' title='bbox 331 1960 498 2014; x_wconf 83' lang='lat' dir='ltr'><strong>excursiones</strong></span> <span class='ocrx_word' id='word_1_169' title='bbox 517 1957 652 2024; x_wconf 85' lang='lat' dir='ltr'><strong>faciebant,</strong></span> <span class='ocrx_word' id='word_1_170' title='bbox 674 1957 846 2029; x_wconf 83' lang='lat' dir='ltr'><strong>parvulisque</strong></span> <span class='ocrx_word' id='word_1_171' title='bbox 862 1959 969 2030; x_wconf 87' lang='lat' dir='ltr'><strong>procliis</strong></span> 
     </span>
     <span class='ocr_line' id='line_1_25' title="bbox 169 2031 969 2105; baseline 0.004 -19"><span class='ocrx_word' id='word_1_172' title='bbox 169 2049 229 2086; x_wconf 88' lang='lat' dir='ltr'><strong>cum</strong></span> <span class='ocrx_word' id='word_1_173' title='bbox 242 2033 337 2086; x_wconf 88' lang='lat' dir='ltr'><strong>nostris</strong></span> <span class='ocrx_word' id='word_1_174' title='bbox 352 2031 554 2088; x_wconf 71' lang='lat' dir='ltr'><strong>contendebant:</strong></span> <span class='ocrx_word' id='word_1_175' title='bbox 574 2040 662 2105; x_wconf 88' lang='lat' dir='ltr'><strong>postea</strong></span> <span class='ocrx_word' id='word_1_176' title='bbox 674 2031 744 2087; x_wconf 89' lang='lat' dir='ltr'><strong>vallo</strong></span> <span class='ocrx_word' id='word_1_177' title='bbox 752 2031 851 2103; x_wconf 91' lang='lat' dir='ltr'><strong>pedum</strong></span> <span class='ocrx_word' id='word_1_178' title='bbox 861 2033 923 2098; x_wconf 85' lang='grc' dir='ltr'><strong>ΧΠ,</strong></span> <span class='ocrx_word' id='word_1_179' title='bbox 942 2035 969 2088; x_wconf 93' lang='lat' dir='ltr'><strong>in</strong></span> 
     </span>
     <span class='ocr_line' id='line_1_26' title="bbox 169 2105 968 2178; baseline 0.004 -18"><span class='ocrx_word' id='word_1_180' title='bbox 169 2105 464 2170; x_wconf 85' lang='lat' dir='ltr'><strong>circuituXVmillium,</strong></span> <span class='ocrx_word' id='word_1_181' title='bbox 476 2107 627 2178; x_wconf 83' lang='lat' dir='ltr'><strong>crebrisque</strong></span> <span class='ocrx_word' id='word_1_182' title='bbox 635 2105 747 2160; x_wconf 83' lang='lat' dir='ltr'><strong>castellis</strong></span> <span class='ocrx_word' id='word_1_183' title='bbox 757 2105 968 2173; x_wconf 84' lang='lat' dir='ltr'><strong>circummuniti,</strong></span> 
     </span>
     <span class='ocr_line' id='line_1_27' title="bbox 169 2178 972 2254; baseline 0.002 -19"><span class='ocrx_word' id='word_1_184' title='bbox 169 2178 266 2251; x_wconf 83' lang='lat' dir='ltr'><strong>oppido</strong></span> <span class='ocrx_word' id='word_1_185' title='bbox 279 2179 522 2236; x_wconf 87' lang='lat' dir='ltr'><strong>sesecontinebant.</strong></span> <span class='ocrx_word' id='word_1_186' title='bbox 543 2179 603 2245; x_wconf 87' lang='lat' dir='ltr'><strong>Ubi,</strong></span> <span class='ocrx_word' id='word_1_187' title='bbox 620 2180 704 2234; x_wconf 88' lang='lat' dir='ltr'><strong>vineis</strong></span> <span class='ocrx_word' id='word_1_188' title='bbox 718 2180 790 2244; x_wconf 89' lang='lat' dir='ltr'><strong>actis,</strong></span> <span class='ocrx_word' id='word_1_189' title='bbox 812 2197 909 2254; x_wconf 81' lang='lat' dir='ltr'><strong>aggere</strong></span> <span class='ocrx_word' id='word_1_190' title='bbox 924 2199 972 2237; x_wconf 83' lang='lat' dir='ltr'><strong>ex-</strong></span> 
     </span>
     <span class='ocr_line' id='line_1_28' title="bbox 169 2253 972 2325; baseline 0.002 -17"><span class='ocrx_word' id='word_1_191' title='bbox 169 2260 275 2318; x_wconf 91' lang='lat' dir='ltr'><strong>structo,</strong></span> <span class='ocrx_word' id='word_1_192' title='bbox 290 2254 384 2308; x_wconf 89' lang='lat' dir='ltr'><strong>turrim</strong></span> <span class='ocrx_word' id='word_1_193' title='bbox 395 2253 484 2325; x_wconf 89' lang='lat' dir='ltr'><strong>procul</strong></span> <span class='ocrx_word' id='word_1_194' title='bbox 495 2253 617 2310; x_wconf 90' lang='lat' dir='ltr'><strong>constitui</strong></span> <span class='ocrx_word' id='word_1_195' title='bbox 631 2253 762 2319; x_wconf 89' lang='lat' dir='ltr'><strong>viderunt,</strong></span> <span class='ocrx_word' id='word_1_196' title='bbox 775 2253 896 2325; x_wconf 89' lang='lat' dir='ltr'><strong>primurn</strong></span> <span class='ocrx_word' id='word_1_197' title='bbox 910 2255 972 2310; x_wconf 90' lang='lat' dir='ltr'><strong>irri-</strong></span> 
     </span>
    </p>

    <p class='ocr_par' dir='ltr' id='par_1_7' title="bbox 68 2327 1023 2700">
     <span class='ocr_line' id='line_1_29' title="bbox 68 2327 973 2401; baseline 0.003 -18"><span class='ocrx_word' id='word_1_198' title='bbox 68 2339 70 2344; x_wconf 86' lang='lat'>&#39;</span> <span class='ocrx_word' id='word_1_199' title='bbox 169 2329 230 2384; x_wconf 90' lang='lat' dir='ltr'><strong>dere</strong></span> <span class='ocrx_word' id='word_1_200' title='bbox 239 2345 273 2386; x_wconf 86' lang='lat' dir='ltr'><strong>err</strong></span> <span class='ocrx_word' id='word_1_201' title='bbox 282 2345 359 2386; x_wconf 88' lang='lat' dir='ltr'><strong>muro</strong></span> <span class='ocrx_word' id='word_1_202' title='bbox 369 2336 447 2401; x_wconf 86' lang='lat' dir='ltr'><strong>atque</strong></span> <span class='ocrx_word' id='word_1_203' title='bbox 456 2329 610 2400; x_wconf 85' lang='lat' dir='ltr'><strong>increpitare</strong></span> <span class='ocrx_word' id='word_1_204' title='bbox 625 2327 744 2393; x_wconf 87' lang='lat' dir='ltr'><strong>vocibus,</strong></span> <span class='ocrx_word' id='word_1_205' title='bbox 759 2345 814 2399; x_wconf 92' lang='lat' dir='ltr'><strong>quo</strong></span> <span class='ocrx_word' id='word_1_206' title='bbox 826 2335 898 2384; x_wconf 88' lang='lat' dir='ltr'><strong>tanta</strong></span> <span class='ocrx_word' id='word_1_207' title='bbox 914 2349 973 2386; x_wconf 86' lang='lat' dir='ltr'><strong>ma-</strong></span> 
     </span>
     <span class='ocr_line' id='line_1_30' title="bbox 169 2401 973 2474; baseline 0.005 -18"><span class='ocrx_word' id='word_1_208' title='bbox 169 2403 284 2458; x_wconf 87' lang='lat' dir='ltr'><strong>chinatio</strong></span> <span class='ocrx_word' id='word_1_209' title='bbox 294 2403 328 2458; x_wconf 92' lang='lat' dir='ltr'><strong>ab</strong></span> <span class='ocrx_word' id='word_1_210' title='bbox 338 2411 409 2460; x_wconf 87' lang='lat' dir='ltr'><strong>tanto</strong></span> <span class='ocrx_word' id='word_1_211' title='bbox 418 2404 501 2474; x_wconf 88' lang='lat' dir='ltr'><strong>spatio</strong></span> <span class='ocrx_word' id='word_1_212' title='bbox 515 2401 714 2458; x_wconf 77' lang='lat' dir='ltr'><strong>institueretur‘.l</strong></span> <span class='ocrx_word' id='word_1_213' title='bbox 732 2402 896 2474; x_wconf 88' lang='lat' dir='ltr'><strong>quibusnam</strong></span> <span class='ocrx_word' id='word_1_214' title='bbox 914 2423 973 2460; x_wconf 90' lang='lat' dir='ltr'><strong>ma-</strong></span> 
     </span>
     <span class='ocr_line' id='line_1_31' title="bbox 169 2475 974 2549; baseline 0.002 -17"><span class='ocrx_word' id='word_1_215' title='bbox 169 2477 259 2542; x_wconf 92' lang='lat' dir='ltr'><strong>nibus,</strong></span> <span class='ocrx_word' id='word_1_216' title='bbox 272 2487 318 2532; x_wconf 90' lang='lat' dir='ltr'><strong>aut</strong></span> <span class='ocrx_word' id='word_1_217' title='bbox 327 2479 426 2549; x_wconf 88' lang='lat' dir='ltr'><strong>quihus</strong></span> <span class='ocrx_word' id='word_1_218' title='bbox 437 2477 548 2541; x_wconf 87' lang='lat' dir='ltr'><strong>viribus,</strong></span> <span class='ocrx_word' id='word_1_219' title='bbox 560 2476 713 2548; x_wconf 88' lang='lat' dir='ltr'><strong>praesertim</strong></span> <span class='ocrx_word' id='word_1_220' title='bbox 723 2475 843 2530; x_wconf 91' lang='lat' dir='ltr'><strong>homines</strong></span> <span class='ocrx_word' id='word_1_221' title='bbox 854 2479 974 2534; x_wconf 86' lang='lat' dir='ltr'><strong>tantulae</strong></span> 
     </span>
     <span class='ocr_line' id='line_1_32' title="bbox 169 2548 974 2625; baseline 0.004 -20"><span class='ocrx_word' id='word_1_222' title='bbox 169 2559 291 2618; x_wconf 87' lang='lat' dir='ltr'><strong>staturae,</strong></span> <span class='ocrx_word' id='word_1_223' title='bbox 314 2551 385 2625; x_wconf 87' lang='lat' dir='ltr'><strong>(nam</strong></span> <span class='ocrx_word' id='word_1_224' title='bbox 399 2551 555 2624; x_wconf 86' lang='lat' dir='ltr'><strong>plerumque</strong></span> <span class='ocrx_word' id='word_1_225' title='bbox 565 2549 719 2604; x_wconf 90' lang='lat' dir='ltr'><strong>hominibus</strong></span> <span class='ocrx_word' id='word_1_226' title='bbox 737 2548 820 2604; x_wconf 86' lang='lat' dir='ltr'><strong>Gallis</strong></span> <span class='ocrx_word' id='word_1_227' title='bbox 834 2567 898 2620; x_wconf 88' lang='lat' dir='ltr'><strong>prae</strong></span> <span class='ocrx_word' id='word_1_228' title='bbox 915 2571 974 2607; x_wconf 88' lang='lat' dir='ltr'><strong>ma·</strong></span> 
     </span>
     <span class='ocr_line' id='line_1_33' title="bbox 169 2623 1023 2700; baseline -0.001 -21"><span class='ocrx_word' id='word_1_229' title='bbox 169 2625 309 2700; x_wconf 82' lang='lat' dir='ltr'><strong>gnitudine</strong></span> <span class='ocrx_word' id='word_1_230' title='bbox 318 2643 456 2700; x_wconf 88' lang='lat' dir='ltr'><strong>corporum</strong></span> <span class='ocrx_word' id='word_1_231' title='bbox 469 2642 580 2682; x_wconf 90' lang='lat' dir='ltr'><strong>suorum</strong></span> <span class='ocrx_word' id='word_1_232' title='bbox 593 2623 708 2680; x_wconf 86' lang='lat' dir='ltr'><strong>brevitas</strong></span> <span class='ocrx_word' id='word_1_233' title='bbox 724 2629 811 2678; x_wconf 85' lang='lat' dir='ltr'><strong>nostra</strong></span> <span class='ocrx_word' id='word_1_234' title='bbox 825 2630 973 2694; x_wconf 82' lang='lat' dir='ltr'><strong>contemtui</strong></span> <span class='ocrx_word' id='word_1_235' title='bbox 1022 2671 1023 2678; x_wconf 72' lang='grc'>,</span> 
     </span>
    </p>
   </div>
   <div class='ocr_carea' id='block_1_5' title="bbox 0 0 1036 2996">
    <p class='ocr_par' dir='ltr' id='par_1_8' title="bbox 0 0 1036 2996">
     <span class='ocr_line' id='line_1_34' title="bbox 0 0 1036 2996; baseline 0 1"><span class='ocrx_word' id='word_1_236' title='bbox 0 0 1036 2996; x_wconf 95' lang='lat' dir='ltr'><strong> </strong></span> 
     </span>
    </p>
   </div>
  </div>
 </body>
</html>
