2064 2996
289 153 361 202 m.
374 153 411 200 II.
442 155 520 201 CAP.
534 155 575 202 2⁰.
586 157 627 204 2¹.
823 159 855 212 dl

67 249 247 308 dnusssvn
257 251 291 307 ad
300 269 365 308 suos
380 253 523 324 reciperent
536 271 567 310 ao
581 273 675 312 rursus
690 274 724 313 ex
742 259 807 318 silva
827 263 855 318 in

65 331 155 380 nosnos
164 327 296 397 impetum
305 325 431 392 iacerent,
453 345 538 400 nequo
548 331 630 384 nostri
640 329 754 404 longius,
774 352 855 406 quarn

61 416 133 470 quem
142 401 176 455 ad
188 400 271 476 finem
283 408 403 473 porrecta
413 418 443 456 ac
453 400 507 456 loca
520 411 607 473 aperta
620 405 792 474 pertinebant,
813 427 855 464 oe·

59 473 141 528 dentee
160 474 269 547 insequi
286 475 429 530 auderent:
455 475 559 530 interim
577 476 692 550 legiones
711 495 767 543 sex,
788 498 855 552 quae

56 548 151 617 primae
160 557 297 615 venerant,
318 565 398 620 opere
407 549 536 615 dimenso,
554 559 637 606 eastra
652 551 757 606 munire
766 570 855 624 ooope-

56 629 123 676 runt.
143 622 193 678 Ubi
204 623 294 694 prima
308 622 500 694 impedimenta
516 627 597 678 nostri
610 625 739 681 exercitus
753 627 788 682 ab
800 621 852 694 his,

57 696 135 764 quiin
145 696 223 753 silvis
233 697 318 752 abditi
329 697 454 761 latebant,
466 697 603 764 visanum,
614 698 695 771 (quod
702 707 806 772 tempus
814 702 856 758 iu-

56 775 140 824 tereos
149 770 335 826 oommittendi
344 769 439 842 proelii
451 773 613 846 oonvenerat)
626 774 670 838 ita,
686 781 716 828 ut
730 775 797 830 intra
806 774 855 830 eil·

56 859 99 897 vae
108 845 188 898 aoiern
198 845 364 916 ordinesque
373 844 561 901 constituerant
569 854 648 918 atquo
660 847 711 918 ipsi
721 866 778 904 sese
791 867 854 906 oon-

53 915 228 984 firmaverant‚
244 919 335 974 subito
344 917 474 974 omnihus
482 920 563 990 oopiis
573 920 783 991 provolaverunt,
802 924 853 979 im-

52 997 191 1064 perumque
201 994 232 1048 in
243 1000 348 1048 nostroe
358 992 463 1063 equites
471 990 595 1049 ieoerunt.
616 995 663 1049 llis
680 994 753 1052 lacile
766 997 852 1068 pulsis

52 1081 80 1118 ao
87 1067 259 1136 proturbatis,
271 1063 424 1122 Incredibili
433 1063 559 1123 eeleritate
571 1068 605 1124 ad
614 1067 711 1124 ilumen
726 1070 853 1126 decucur-

52 1148 146 1206 rerunt,
157 1149 188 1196 ut
196 1157 283 1214 paene
291 1157 348 1195 uno
356 1147 476 1210 ternpore
484 1147 508 1194 et
516 1141 550 1196 ad
560 1141 650 1206 silvas,
662 1150 687 1198 et
696 1144 724 1200 in
731 1143 849 1210 flumine,

53 1219 77 1264 et
93 1213 185 1270 iamin
200 1215 331 1270 manibus
346 1212 445 1268 nostris
461 1213 546 1270 hostes
566 1215 723 1272 viderentur.
753 1217 851 1274 Eadem

21 1344 24 1354 ,
54 1293 135 1342 autern
143 1288 275 1345 eeleritate
284 1288 398 1344 adverso
408 1285 473 1340 oolle
482 1288 849 1363 adnostraeaetraatqueeos,

55 1361 98 1429 qui
109 1361 222 1435 inopere
231 1361 449 1434 occupauerant,
461 1363 658 1419 oontenderunt.

104 1434 163 1490 XX.
185 1437 293 1494 Caesari
303 1434 395 1490 omnia
405 1449 460 1488 uno
469 1442 583 1508 ternpore
591 1445 664 1492 erant
673 1437 786 1510 agenda:
807 1455 852 1494 ve·

53 1505 143 1564 xillum
149 1508 450 1584 proponendum‚quod
458 1517 511 1564 erat
521 1511 633 1583 insigne,
641 1528 726 1582 quum
736 1511 768 1564 ad
778 1527 850 1568 aune

52 1585 164 1640 concurri
174 1590 322 1658 oporteret:
337 1584 448 1656 signum
459 1583 522 1638 tuba
531 1583 663 1638 dandum:
682 1583 716 1638 ab
725 1600 801 1652 opere
810 1603 850 1639 ro-

52 1659 157 1714 vocandi
174 1659 290 1716 milites:
321 1657 372 1730 qui
390 1657 480 1729 paullo
499 1657 605 1731 longius
624 1657 727 1730 aggeris
747 1659 851 1726 petendi

52 1745 139 1787 caussa
148 1740 343 1804 processerant,
358 1731 520 1788 arcessendi:
542 1733 608 1787 acies
618 1731 780 1796 instruenda,
800 1737 851 1787 mi-

52 1801 106 1858 lites
115 1807 281 1873 eohortandi,
293 1807 407 1881 signum
416 1805 548 1861 dandum:
568 1823 683 1878 quarum
697 1822 784 1860 rerum
794 1824 851 1862 ma·
905 1877 910 1884 ἱ

51 1893 128 1950 gnam
137 1890 242 1953 partem
251 1879 380 1952 temporie
389 1879 504 1934 brevitas
513 1888 538 1935 et
547 1898 685 1936 suooessus
695 1888 719 1934 et
728 1879 850 1939 incursus

52 1949 163 2010 hostium
173 1955 348 2027 impediebat.
368 1953 416 2007 llis
429 1953 626 2028 difficultatibus
640 1955 708 2010 duae
721 1971 762 2011 res
777 1966 851 2012 erant

53 2027 176 2096 subsidio,
192 2030 303 2085 scientia
313 2035 394 2098 atque
407 2044 473 2081 usus
487 2029 612 2094 militum,
632 2028 714 2101 quod,
732 2033 850 2102 superio-

52 2101 122 2158 ribus
130 2103 240 2176 proeliis
249 2101 396 2166 exercitati,
408 2102 474 2172 quid
485 2103 539 2156 lieri
550 2111 685 2174 oporteret,
698 2119 751 2160 non
760 2107 850 2160 minus

54 2179 183 2234 oommode
195 2178 248 2250 ipsi
260 2177 314 2232 sihi
329 2175 514 2247 praescribere,
535 2195 615 2248 quam
634 2179 667 2233 ab
686 2177 745 2232 aliie
764 2178 850 2234 dooeri

54 2257 178 2322 poteraut3
200 2259 226 2308 et
235 2250 312 2326 quod
321 2249 356 2305 ab
366 2266 444 2319 opere
452 2249 618 2324 singulisque
631 2251 780 2326 legionibus
794 2252 850 2306 ein·

53 2323 125 2393 gulos
133 2328 233 2400 legatos
243 2327 343 2383 Caesar
351 2323 491 2385 disoedere.
506 2325 557 2379 nisi
568 2327 678 2381 munitis
688 2325 788 2387 castris,
805 2340 852 2378 ve-

57 2403 138 2456 tuerat.
158 2404 201 2467 lli,
216 2406 327 2473 propter
345 2397 567 2468 propinquitatem
585 2407 611 2454 et
628 2397 784 2452 eeleritatem
803 2397 850 2450 ho·

56 2471 139 2540 edum,
151 2475 219 2532 nihil
230 2477 287 2530 iarn
301 2471 420 2528 Caesaris
431 2471 569 2543 imperium
580 2470 738 2544 speuabnnt,
750 2469 795 2525 sed
806 2486 851 2542 per

56 2560 89 2612 ee,
99 2565 165 2620 quae
174 2549 347 2611 videbantur,
359 2543 584 2600 administrabant.
705 2612 711 2624 Ι

105 2622 178 2681 XXI.
199 2624 307 2688 Caesar,
330 2618 483 2676 neeessariis
498 2619 578 2674 rebus
592 2617 736 2686 imperatis,
757 2615 789 2669 ad
808 2629 852 2668 oo-
