2078 2996
312 111 384 158 Lus.
396 111 420 157 1.
450 69 532 158 car.
547 113 587 158 re.
602 113 645 158 ee.
834 109 885 165 279

68 219 155 268 sueta
165 209 288 266 adenera
302 190 441 282 perranum
462 211 551 284 itaque
564 227 679 284 magnus
691 229 783 268 eorum
797 214 886 286 qarou-

69 288 122 341 die
137 301 270 340 numerus
283 285 317 340 ad
330 286 466 340 Caesarem
485 285 656 360 perfugiebat
676 287 706 340 ln
718 286 762 340 his
773 295 828 342 erat
836 307 885 344 an-

70 360 180 436 gustiis
190 375 246 426 res3
268 359 315 413 sed
327 377 361 414 ex
372 359 512 431 propositis
525 359 643 414 consiliis
656 359 761 416 duobus
774 362 885 432 expliei-

71 437 135 490 tius
143 433 297 499 videbatur,
308 433 420 488 Ilerdam
429 434 531 496 reverti,
537 434 611 506 quod
621 435 658 488 ibi
667 433 818 505 paullulum
828 435 885 490 fru-

73 509 166 564 menti
176 505 349 578 reliquerant:
369 508 407 562 ibi
416 525 445 564 se
458 508 592 580 reliquum
609 509 751 564 eonsilium
768 508 885 580 explica-

74 593 157 639 turos
169 581 344 638 eenfidebant.
365 583 475 638 Tan-aee
489 583 578 638 aberat
590 579 711 658 longius:¹
731 601 786 656 que
800 585 885 655 spatie

75 659 176 731 plnres
184 673 240 710 rem
251 673 329 728 posse
337 673 415 712 easus
425 658 538 729 recipere
547 657 740 732 intellegebant
760 659 814 714 llee
822 675 885 730 pre-

76 735 146 788 bato
157 729 275 815 eaubaldo,
287 749 320 787 ex
329 733 421 787 eastris
430 732 640 804 proficiscuntur.
654 733 757 798 Caesar,
764 733 884 806 equitatu

77 821 239 878 praemisse.
260 807 307 878 qui
320 807 497 862 novissimum
509 823 605 880 agmen
614 814 729 880 carperet
738 815 818 880 etque
832 808 884 860 im-

78 879 193 953 pediret,
215 878 272 951 ipse
284 897 347 935 eum
359 880 508 954 legionibus
518 881 699 955 subsequitur.
718 881 831 938 Nullum
841 882 884 936 in-

78 953 230 1086 }emedfiepat
242 961 356 1033 tempus,
377 956 445 1028 quin
459 956 570 1014 extremi
581 973 644 1012 eum
659 957 794 1030 equitibus
806 973 895 1028 pree·

91 1047 166 1085 uren
197 1045 220 1084 r.
385 1053 389 1058 ·

138 1103 264 1159 LXXIX.
285 1104 376 1160 Genus
385 1111 440 1158 erat
448 1103 498 1158 hoe
507 1117 619 1178 pugnae
638 1105 782 1178 Expeditae
790 1105 895 1161 eoher-·

81 1188 123 1234 tes
132 1179 310 1233 novissimum
321 1195 416 1250 agmen
426 1177 594 1243 claudebant3
614 1179 768 1252 pluriesque
781 1180 809 1234 in
819 1179 884 1236 loeis

81 1253 278 1325 campestribus
287 1252 475 1308 subsistebant:
490 1252 663 1308 simonserat
673 1254 881 1320 adaeendendus‚

81 1329 161 1384 facile
170 1329 229 1400 ipsa
237 1327 287 1382 loci
296 1333 390 1381 natura
399 1323 548 1397 perieulum
557 1326 706 1397 repellebat,
720 1327 793 1398 qued
802 1345 836 1382 ex
844 1327 886 1382 lo·

82 1405 122 1458 eis
143 1401 335 1474 superioribus,
356 1401 404 1472 qni
418 1407 616 1464 antecesserant,
636 1401 750 1470 desuper
763 1417 826 1454 sues
838 1401 885 1454 ad-

83 1476 240 1534 seendentes
249 1474 429 1546 pretegebant.
449 1473 539 1540 Quum
548 1472 626 1528 vallis
634 1481 681 1528 aut
693 1472 767 1528 loeus
775 1472 885 1528 declivis

83 1553 202 1614 suberat,
222 1563 310 1618 neque
317 1547 346 1613 ii,
358 1548 406 1619 qni
415 1555 614 1612 anteeasserant,
629 1547 795 1602 morantibus
808 1563 886 1618 opem

84 1627 154 1680 ferre
161 1629 290 1694 poterant,
306 1622 409 1694 equites
419 1638 482 1677 vere
490 1637 525 1675 ex
533 1619 590 1676 leee
598 1621 733 1694 superiore
741 1620 770 1675 in
779 1637 885 1678 eversos
918 1621 925 1634 '

85 1695 334 1754 telaooniieiebant:
353 1703 412 1750 tum
421 1696 618 1769 mageneratin
633 1693 750 1767 periurio
763 1712 816 1750 res.
835 1694 888 1749 lie-

87 1771 265 1844 linqnebatur‚
285 1776 324 1837 nt,
339 1787 426 1843 quum
440 1770 570 1826 eiusmodi
584 1769 649 1826 loeis
662 1775 731 1824 esset
744 1768 890 1840 adpropin-

87 1854 209 1922 quatum‚
225 1845 359 1920 legionum
371 1846 449 1920 signa
458 1845 600 1900 eonsistera
608 1844 729 1901 iuberent
737 1859 887 1918 magnoque

88 1926 187 1994 impetu
209 1921 356 1994 equitatum
379 1920 545 1993 repellerent;
575 1935 606 1974 ee
623 1918 756 1985 submoto,
780 1926 900 1990 repente.

89 1997 185 2053 incitati
195 2011 276 2052 eursu
285 2013 343 2052 sese
354 1996 383 2052 in
396 1995 474 2052 vallis
487 1987 605 2051 universi
618 1994 783 2050 deuritterent
795 2003 883 2066 atque,

90 2074 124 2126 ita
137 2071 303 2146 transgressi,
326 2089 421 2127 marsus
435 2071 464 2126 in
477 2069 542 2125 loeis
560 2069 741 2142 superioribus
759 2070 886 2125 oonsiste·

91 2153 154 2200 rent.
179 2147 246 2212 Nem
265 2153 368 2201 tantum
382 2146 416 2202 ab
429 2145 550 2217 equitum
572 2161 682 2200 suorum
701 2143 809 2200 auxiliis
823 2144 886 2198 abe·

92 2226 156 2284 rant,
176 2237 291 2290 querum
309 2237 452 2276 numerum
473 2218 605 2274 habebant
622 2235 762 2292 magnum,
782 2225 814 2272 ut
829 2233 884 2281 eos,

93 2293 268 2364 superioribus
277 2295 424 2365 perterritos
433 2292 549 2366 proeliis.
569 2294 598 2349 in
612 2294 731 2348 medium
743 2291 887 2362 reciperent

81 2384 186 2442 agmen
207 2366 329 2439 ultroque
346 2385 391 2424 eos
408 2375 558 2425 tuerentur:
579 2385 694 2440 quorum
713 2363 780 2420 nulli
795 2381 829 2418 ex
842 2363 887 2416 iti-

94 2461 151 2500 nere
159 2441 283 2496 excedere
292 2441 393 2510 lieebat,
405 2443 471 2516 quin
481 2442 516 2498 ab
525 2443 643 2515 equitatu
654 2438 773 2496 Caesaris
783 2437 888 2508 excipe·

94 2524 185 2574 rentur.

143 2591 254 2648 LXXX.
274 2590 331 2646 Tali
339 2591 404 2648 dum
411 2588 641 2666 pugnaturrnedo,
648 2585 717 2642 lente
724 2592 803 2657 atque
809 2583 888 2657 peul-
