2042 3004
226 161 518 210 senxanmumo
549 161 684 209 celena.
792 157 849 211 'tle

54 261 250 338 Dyrrhachium
259 261 413 333 Pompeium
421 260 557 316 obsidebat
566 259 784 332 etl’elacpharsali
794 279 849 318 rem

54 339 164 394 feliciter
171 336 278 410 gerebat
289 335 515 406 Alexandriaeque
523 351 609 407 quum
619 333 847 408 periculomagno,
869 373 873 382 ,

54 421 114 468 tum
123 413 202 466 etiam
215 411 313 466 maiore
326 410 435 482 periculi
448 409 517 464 fama
531 409 680 474 dimicabat,
702 408 732 475 Q.
742 407 849 464 Cassius

54 487 203 562 Longinus.
213 485 242 540 in
250 485 376 557 Hispania
383 491 556 556 propraetore
563 483 713 556 pmvinciae
721 482 849 539 ulterioris

53 559 213 618 obtinendae
221 575 313 614 caussa
327 557 441 623 relictus,
462 559 518 614 sive
535 557 725 614 consuetudine
742 565 849 614 naturae

53 653 130 700 suae,
152 633 285 700 siveodio,
304 633 376 705 quod
388 633 416 688 in
431 631 504 688 illam
522 632 684 705 provimiam
702 641 851 704 susceperat

4 765 5 776 g
54 708 344 784 quaestor,exinsidiis
353 707 562 773 miceluensis,
576 705 848 782 magnaeodiisuile-

4 777 6 856 ζ
55 790 127 840 cerat
136 782 307 850 accessiones;
327 782 399 854 quod
409 781 450 838 vel
458 800 493 839 ex
505 783 733 846 conscientium,
754 780 848 854 (quum
872 834 878 847 ,

4 913 6 930 ,
55 859 230 915 desemutuo
239 858 334 914 sentire
342 858 504 928 pmvinciam
514 856 648 930 nedem.)
657 856 698 912 vel
709 855 801 911 multis
810 858 849 912 si-

4 933 6 948 '
53 933 118 1008 gnis
127 939 153 988 et
161 932 316 988 testimoniis
324 949 425 998 eorum,
439 933 487 1004 qui
496 931 635 988 difficulter
646 931 707 986 odia
720 930 848 986 dissim'u-

54 1009 155 1073 labant,
165 1007 284 1062 animum
293 1006 425 1062 ademtam
433 1013 543 1078 poterae
556 1013 583 1061 et
589 1021 757 1078 compensare
766 1006 848 1062 offen-

48 1084 157 1139 sionem
171 1081 320 1153 provinciae
335 1082 469 1136 exercitus
483 1097 572 1136 amore
588 1081 718 1154 cupiebat.
744 1081 844 1154 Itaque,

53 1173 141 1230 quum
159 1157 277 1228 primum
296 1157 323 1210 in
340 1169 427 1210 unum
444 1154 530 1209 locum
548 1155 690 1212 exercitum
709 1156 844 1222 conduxit,

53 1232 98 1287 ΗΒ
109 1239 230 1286 eenmnos
249 1229 379 1284 militibus
391 1236 430 1283 ast
442 1227 587 1299 pollicitus:
611 1247 661 1284 nec
677 1230 761 1286 multo
777 1238 845 1302 post,

4 1363 5 1382 2
54 1322 143 1377 quum
152 1305 181 1360 in
192 1304 327 1361 Lusitania
338 1302 521 1376 Medobregam
534 1303 660 1374 oppidum
679 1312 847 1377 montemque

4 1385 5 1396 ¹
53 1379 222 1436 Herminium
231 1385 416 1450 expugnasset,
434 1394 488 1448 quc
499 1377 713 1450 llledobregenses
724 1377 848 1452 coniuge-

4 1511 5 1520 ,
53 1460 125 1514 rent.
137 1453 227 1526 ibique
235 1453 375 1524 imperator
382 1459 450 1508 essct
458 1451 612 1522 adpellatus,
624 1451 786 1508 llScentenis
796 1453 848 1508 mi·-

3 1521 7 1544 '
53 1530 114 1586 lites
122 1527 239 1584 donant.
259 1526 340 1582 llulta
353 1533 618 1598 prestereaetmagna
628 1526 743 1596 praemia
755 1527 848 1598 singu-

52 1604 89 1659 lis
98 1601 264 1665 concedebat,
284 1617 353 1672 quae
364 1600 512 1672 speciosum
527 1599 669 1655 reddebant
687 1609 847 1670 praesentem

51 1676 184 1734 exercitus
204 1691 332 1743 amorem;
356 1672 493 1746 paullatim
505 1681 592 1730 tamen
600 1681 626 1728 et
634 1673 732 1731 occulte
750 1674 848 1729 milita-

52 1767 114 1808 rem
125 1748 291 1820 disciplinam
300 1749 515 1819 severitatemque
522 1747 684 1804 minuebant.

3 1885 4 1896 χ
111 1823 209 1878 XLIX.
229 1821 346 1886 Cassius,
369 1821 518 1894 legionibus
531 1823 560 1878 in
575 1821 684 1877 hibeme
703 1821 845 1893 dispositis,

51 1899 143 1959 adius
155 1896 297 1954 dicendum
311 1895 460 1954 Cordubam
473 1914 503 1952 se
516 1897 620 1970 recepit,
635 1904 847 1970 contractumque

50 1979 81 2033 in
91 1991 123 2030 ea
131 1989 177 2029 aes
186 1971 302 2028 alienum
311 1971 477 2046 gravissimis
488 1971 612 2028 oneribus
624 1972 847 2044 pmvinciee'ecn—

50 2049 140 2108 sciam
148 2047 291 2114 exsolvere,
303 2055 337 2112 et.
354 2056 385 2103 ut
394 2046 539 2122 largitionis
549 2047 662 2120 postulat
675 2046 844 2112 consuetudo,

51 2140 230 2198 percenseam
239 2122 550 2194 liberalitatisepeciosam
559 2120 757 2196 pluralergitcri
766 2139 848 2196 quae

52 2199 188 2263 rebantur,
211 2199 336 2269 pmuniae
354 2196 528 2269 locupletibus
546 2198 753 2269 imperabantur;
779 2213 847 2269 quas

52 2272 192 2346 Longinus
205 2273 256 2328 sibi
270 2290 398 2345 expensas
417 2272 479 2328 ferri
500 2289 553 2328 non
571 2280 673 2330 ertum
690 2271 845 2343 petiebatur,

52 2347 190 2405 sedetiam
199 2347 314 2420 cogebat.
334 2350 483 2478 lngegem
501 2346 669 2417 locupletium
682 2344 847 2401 simultatum

3 2463 4 2470 κ
51 2428 262 2480 caussaetenues
271 2423 362 2478 ooniici
396 2419 848 2493 anturinsqueullumgenusquae·

52 2506 122 2562 stus,
143 2504 189 2552 aut
201 2497 292 2570 magni
309 2504 334 2552 et
349 2497 486 2562 evidentis,
508 2502 553 2550 aut
570 2494 675 2548 minimi
694 2500 719 2549 et
737 2490 845 2556 sordidi,

53 2571 314 2645 praetermittebatur,
334 2587 388 2642 quo
405 2571 500 2638 domus
514 2578 539 2625 et
554 2567 668 2624 tribunal
686 2566 847 2639 imperatoris

53 2653 166 2702 vacaret.
195 2647 278 2702 Nemo
294 2655 349 2702 erat
366 2647 426 2720 ·qui
441 2645 520 2702 modo
533 2643 650 2717 aliquam
668 2642 793 2700 iacturam
808 2640 848 2697 la·
