2072 2998
166 157 217 211 228
364 161 414 208 nu
436 160 561 208 nunno
586 161 753 208 canmco

220 262 314 318 XLIV.
344 261 451 325 Caesar,
475 277 560 332 quum
583 277 658 314 suam
678 247 808 315 lenitatem
826 262 964 336 cognitam

166 337 291 393 omnibus
309 337 394 401 sciret,
410 352 497 406 neque
516 342 655 399 vereretur,
675 352 708 388 ne
726 335 792 406 quid
809 337 964 392 crudelitate

166 420 275 468 naturae
283 411 414 466 videretur
424 411 541 481 asperius
552 409 652 473 iecisse,
664 426 751 480 neque
759 411 862 464 exitum
876 414 965 467 consi-

167 486 264 542 liorum
274 503 383 541 suorum
392 485 512 540 animum
521 483 671 544 adverteret,
680 483 703 537 si
713 483 758 538 tali
766 485 867 540 ratione
875 487 965 542 diven-

166 563 205 616 sis
214 563 242 618 in
253 562 316 616 locis
331 561 419 632 plures
432 559 556 614 rebellare
570 558 680 614 consilia
694 559 819 614 inissent:
841 562 964 633 exemplo

167 636 291 709 supplicii
299 634 463 690 deterrendos
474 634 587 705 reliquos
597 633 765 688 existimavit„
776 635 869 706 ltaque
878 638 966 690 omni·

166 711 228 776 hus,
242 711 290 782 qul
304 727 376 764 arma
387 709 508 774 tulerant,
531 725 626 762 manus
639 709 777 779 praecidit;
799 711 884 764 vitam
902 729 965 766 con·
1023 711 1024 714 ’

167 787 253 851 cessit,
265 801 319 856 quo
327 785 442 838 testatior
451 791 519 838 esset
527 800 610 854 poena
621 783 814 854 improborum.
834 785 962 858 Drappes,
1023 781 1024 804 ³

122 883 126 896 f
167 867 362 932 quemcaptum
374 875 454 913 essee
467 859 576 914 Caninio
585 857 672 922 docui,
684 858 741 912 sive
749 857 965 930 indignationeet
1023 855 1024 924 ᾗ

154 953 156 968 ¹
167 933 255 990 dolore
263 932 439 998 vinculorum,
451 934 509 987 sive
516 933 609 986 timore
617 932 744 1006 gravioris
754 932 890 1004 supplicii,
899 953 965 1006 pau-
1023 929 1024 964 ³

166 1011 205 1064 cis
223 1008 317 1063 dicbus
333 1026 362 1062 se
379 1008 438 1064 cibo
451 1008 578 1062 abstinuit
591 1014 669 1078 atque
682 1008 717 1062 ita
732 1007 836 1064 interiit.
864 1010 965 1066 Eodem

166 1092 282 1154 tempore
292 1084 436 1148 Lucterius,
448 1099 529 1155 quem
539 1080 687 1154 profugisse
698 1099 732 1136 ex
745 1081 844 1153 proelio
857 1086 963 1156 scripsi,
1023 1081 1024 1094 ¹

167 1175 253 1231 quum
262 1157 290 1212 in
299 1165 451 1230 potestatem
460 1157 576 1213 venisset
583 1157 721 1228 Epasnacti
731 1157 854 1221 Arverni,
865 1157 966 1230 (crebro

167 1233 239 1288 enim
256 1232 391 1288 mutandis
409 1232 481 1297 locis,
503 1231 647 1287 multorum
662 1231 723 1286 fidei
737 1231 963 1300 secommittebat,
1023 1247 1024 1268 ¹

167 1307 239 1380 quod
249 1325 382 1380 nusquam
392 1307 492 1362 diutius
503 1307 562 1362 siue
570 1305 686 1378 periculo
697 1301 910 1363 commoraturus
924 1311 966 1364 vi·

167 1383 285 1448 debatur,
298 1399 383 1456 quum
392 1382 445 1437 sibi
454 1382 575 1439 conscius
584 1381 660 1446 esset,
675 1398 756 1453 quam
766 1381 907 1438 inimicum
919 1385 966 1452 de

167 1459 239 1514 beret
254 1458 390 1514 Caesarem
408 1456 524 1529 habere)
544 1455 615 1514 huuc
633 1457 796 1527 Epasnactus
814 1457 963 1525 Arvernus,

168 1534 345 1591 amicissimus
354 1533 446 1608 populi
457 1532 577 1598 Romani,
593 1531 651 1586 sine
659 1531 821 1586 dubitatione
834 1532 892 1588 ulla
905 1535 967 1589 vin-

134 1663 140 1670 .
167 1606 555 1666 ctumadCaesaremdeduxit.
923 1675 926 1680 Ι

221 1685 301 1740 XLV.
321 1685 453 1740 Labienus
465 1682 570 1738 interim
583 1681 611 1736 in
625 1681 739 1736 Treviris
752 1688 873 1752 equestre
889 1700 967 1753 proe-

167 1758 235 1814 lium
254 1760 400 1816 scoundum
413 1757 483 1826 ἰωῆς
504 1755 738 1827 compluribusque
751 1757 866 1810 Treviris
885 1759 966 1812 inter·
1013 1755 1024 1812 ’,

166 1833 240 1889 lectis
249 1842 274 1888 et
283 1834 430 1898 Germanis,
442 1832 489 1906 qui
500 1831 567 1887 nulli
578 1831 703 1886 adversus
714 1832 846 1886 Romanos
866 1832 967 1887 auxilia

80 1939 87 1950 ι
167 1908 339 1980 denegabant,
351 1909 482 1979 principes
491 1925 583 1963 eorum
595 1907 669 1960 vivos
679 1905 707 1959 in
717 1923 792 1960 suam
805 1905 906 1979 redegit
919 1925 967 1978 po-

167 1989 299 2050 testatem
320 1984 435 2054 atquein
446 1983 479 2037 iis
493 1981 591 2037 Surum
604 1981 735 2044 Aeduum
751 1981 798 2052 qui
816 1987 841 2034 et
858 1981 966 2036 virtutis

166 2063 192 2109 et
203 2056 306 2128 generis
317 2074 451 2110 summam
468 2057 630 2112 nobilitatem
643 2055 762 2119 babebat,
785 2055 915 2125 solusque
933 2074 966 2112 cx

167 2130 267 2187 Aeduis
277 2129 308 2183 ad
320 2131 347 2184 id
356 2138 460 2201 tempus
470 2139 647 2200 permanserat
657 2131 684 2186 in
695 2131 784 2184 armis.
957 2187 960 2194 ,

222 2204 315 2259 XLVI.
335 2204 373 2258 Ea
390 2207 543 2278 recognita,
564 2205 666 2270 Caesar,
686 2222 771 2276 quum
789 2204 817 2258 in
838 2206 966 2260 omnibus

168 2279 269 2337 Galliae
282 2279 400 2352 partibus
414 2279 480 2334 bene
494 2297 535 2334 res
553 2287 639 2352 gestas
658 2280 757 2336 videret
775 2271 964 2351 iudicaretque,

168 2356 349 2428 superioribus
372 2355 478 2410 aestivis
500 2354 614 2409 Gelliam
636 2354 765 2410 devictam
784 2363 809 2408 et
827 2354 965 2428 subactam

168 2449 238 2498 esse;
260 2430 430 2502 Aquitaniam
448 2438 596 2500 numquam
615 2428 672 2498 ipse
690 2423 802 2493 adisset,⁸
814 2429 861 2484 sed
873 2446 921 2500 per
935 2431 964 2484 P.

169 2504 295 2560 Crassum
305 2505 419 2576 quadam
429 2521 463 2558 ex
469 2497 546 2574 *parte
559 2502 706 2572 divicisset;
727 2520 790 2558 cum
808 2503 914 2558 duabus
930 2503 965 2557 le

168 2578 293 2648 gionibus
303 2580 331 2634 in
341 2597 399 2634 eam
408 2587 507 2650 partem
516 2584 555 2632 est
563 2574 702 2646 proiectus,
723 2585 753 2632 ut
766 2577 803 2632 ibi
816 2584 965 2633 extremum

169 2657 274 2720 tempus
288 2661 452 2710 consumeret
465 2652 637 2708 aestivorum:
658 2668 740 2722 quam
756 2667 820 2716 rem,
841 2651 910 2706 sicut
923 2669 964 2706 ce-
