2078 2996
193 160 242 212 33⁸
419 135 615 207 bussuto
635 160 754 206 crv1n1

192 282 255 322 suos
270 281 299 320 se
312 262 424 335 recipere
437 267 590 333 coeperunt:
611 259 712 332 quique
729 257 778 313 bos
798 257 997 331 sequebantur,

191 339 301 395 celerem
309 355 400 394 eorum
409 343 541 408 receptum
550 334 699 404 conspicati,
711 334 869 391 restiterunt.
892 335 998 392 Nostri.

169 405 176 420 '
192 414 304 488 cognitis
316 412 428 476 insidiis,
443 428 477 465 ne
486 409 582 465 frustra
591 409 707 480 reliquos
717 416 912 479 exspectarent,
929 411 998 465 duas

193 489 262 546 nacti
273 484 407 564 [bostium]
418 493 520 540 turmas
527 490 698 556 exceperunt:
717 482 755 556 (in
765 483 808 537 bis
817 482 869 538 fuit
877 484 921 539 M.
933 483 997 556 Opt-

193 565 274 627 mius,
293 561 436 634 praefectus
448 557 577 631 equitum)
595 557 711 630 reliquos
724 574 816 612 omnes
828 575 928 614 earum
940 568 998 614 tur-

194 655 298 694 marum
308 645 355 692 aut
362 633 553 699 interfecerunt,
570 641 616 688 ant
628 639 717 706 captos
728 631 762 688 ad
770 633 924 688 Domitium
934 652 998 706 pcr-
1019 628 1020 702 l

193 714 335 770 duxerunt.
781 766 783 774 ,

248 785 377 842 XXXIX.
396 783 518 840 Deductis
527 800 587 839 orae
595 781 742 838 maritimae
754 781 908 853 praesidiis.
932 785 996 839 Cae·

195 881 246 926 sar,
258 867 287 916 ut
296 877 377 932 supra
386 859 592 915 demonstratum
601 864 650 923 eet,
663 863 716 912 tres
724 857 843 912 cobortes
859 856 935 914 Orici
948 875 996 929 op-

213 936 250 990 idi
260 935 349 990 tuendi
358 951 451 990 caussa
460 931 568 1006 reliquit
575 932 722 1004 iisdemque
727 930 875 986 custodiam
880 933 995 987 navium

193 955 333 1082 lingarum
342 1008 490 1074 transdidit,
504 1025 572 1080 quas
583 1006 700 1062 cxltelia
709 1005 906 1061 transduxerat.
929 1008 996 1062 Huic

194 1083 280 1140 officio
293 1082 442 1156 oppidoque
455 1083 484 1140 C.
495 1082 595 1138 Acilius
607 1081 709 1156 legabis
721 1087 849 1153 praeerat.
870 1082 897 1136 fs
913 1097 995 1137 naves

194 1166 297 1214 nostrae
315 1158 464 1213 interiorem
477 1157 505 1212 in
515 1165 614 1229 partem
627 1163 687 1228 post
699 1155 828 1228 oppidum
847 1155 960 1212 reduxit
971 1163 996 1210 et

196 1233 229 1289 ad
237 1240 333 1287 terram
345 1231 479 1306 deligavit,
499 1231 672 1304 faucibusque
684 1238 775 1303 portus
788 1246 886 1293 navem
900 1247 995 1286 onera·

194 1309 263 1364 riam
272 1306 436 1362 submersam
444 1307 539 1363 obiecit
548 1315 573 1362 et
581 1307 644 1361 huic
657 1305 764 1362 alteram
777 1305 929 1371 coniunxit,
950 1323 995 1362 su-

195 1401 242 1457 per
251 1399 304 1456 que
313 1382 408 1437 turrim
417 1381 532 1438 effectam
542 1380 576 1436 ad
585 1380 674 1452 ipsum
688 1380 823 1435 introitum
839 1387 935 1451 portus
949 1398 994 1452 op-

195 1458 284 1532 posuit
293 1465 318 1513 et
327 1456 457 1513 militibus
466 1455 605 1528 complevit
614 1453 791 1526 tuendamque
799 1453 834 1509 ad
844 1471 942 1511 omnes
956 1465 994 1510 re'-

196 1535 317 1606 pentinos
326 1551 403 1588 casus
413 1531 558 1588 transdidit
630 1527 635 1542 '

250 1609 309 1664 XL.
329 1607 432 1675 Quibus
451 1606 563 1680 cognitis
576 1604 665 1670 rebus,
685 1605 732 1660 Cn.
748 1604 890 1676 Pompeius
910 1603 991 1668 filius,

138 1735 142 1742 .
197 1683 243 1756 qui
253 1682 330 1738 classi
335 1681 477 1756 Aegyptiae
486 1687 610 1753 praeerat,
622 1679 767 1736 ad0ricum
778 1678 859 1742 venit,
870 1677 992 1734 submer-

196 1775 308 1830 samque
317 1758 416 1823 navim,
423 1755 539 1812 remulco
547 1754 692 1827 multisque
703 1753 861 1808 contendens
870 1751 991 1818 funibus,

197 1832 322 1901 adduxit3
342 1839 422 1904 atque
430 1830 538 1886 alteram
546 1847 652 1894 navem,
662 1845 731 1902 quae
739 1835 793 1883 erat
802 1827 836 1882 cd
845 1829 991 1884 custodiam

197 1907 231 1960 ab
240 1906 323 1961 Acilio
332 1907 425 1978 posita,
435 1905 558 1978 pluribus
567 1905 708 1979 adgressus
717 1903 840 1968 navibus,
855 1902 884 1957 in
893 1904 991 1976 quibus

197 1979 230 2034 ad
240 1979 335 2034 libram
344 1979 438 2035 fecerat
447 1987 541 2042 turres,
557 1987 588 2034 ut
598 1997 631 2034 ex
643 1978 776 2051 superiore
788 1993 914 2051 pugnans
928 1978 990 2042 loco,

197 2055 365 2126 integrosque
382 2072 485 2126 semper
497 2053 643 2128 defatigatis
656 2053 823 2117 submittens,
843 2060 870 2107 et
883 2053 990 2125 reliquis

196 2126 317 2200 partibus
335 2127 416 2183 simul
425 2147 459 2184 ex
467 2136 534 2184 terra
547 2129 625 2183 scalis
641 2137 667 2184 et
679 2127 762 2184 classe
780 2127 884 2182 moenia
903 2127 991 2200 oppidi

197 2209 309 2263 tenens,
323 2203 363 2256 uti
379 2202 588 2258 adversariorum
602 2219 697 2258 manus
709 2202 850 2267 diduceret,
872 2200 992 2258 laborcet

198 2276 368 2334 multitudine
376 2276 487 2332 telorum
497 2285 599 2332 nostros
609 2278 685 2333 vicit:
706 2275 992 2348 delectisquedefensc·

199 2353 283 2418 ribus,
305 2353 355 2425 qui
367 2369 458 2408 omnes
471 2352 576 2424 scaphis
585 2352 685 2424 excepti
695 2352 851 2426 refugerant,
874 2367 933 2406 eam
948 2369 991 2406 ne-

198 2445 260 2484 rem
278 2427 452 2502 expugnavit;
477 2427 622 2498 eodemque
638 2435 755 2498 tempore
773 2443 806 2480 cx
825 2423 905 2479 altera
923 2434 990 2498 parte

199 2501 295 2558 molem
306 2503 388 2558 tenuit
398 2502 541 2558 naturalem
550 2501 686 2565 obiectam,
702 2516 771 2572 quae
783 2515 866 2570 paene
879 2498 990 2556 insulam
1018 2517 1019 2522 ¹

199 2585 287 2632 contra
304 2577 433 2648 oppidum
446 2575 570 2639 effecerat,
591 2592 645 2646 qua
658 2583 771 2646 quatuor
785 2572 908 2637 biremes,
928 2575 990 2628 sub·

199 2651 271 2704 lectis
283 2652 404 2719 scutulis,
416 2651 544 2726 impulsas
556 2649 673 2728 vectibus
690 2649 717 2705 in
730 2645 878 2704 interiorem
893 2655 989 2719 partem
