2038 3000
180 142 230 197 396
383 148 414 195 Δ.
434 145 563 192 HIR'HI
579 147 630 192 DE
647 147 772 194 netto

234 244 307 302 XVI.
326 246 531 301 Minimeautem
543 262 591 316 par
600 251 655 300 erat
664 244 756 317 proelii
764 253 920 300 certamen:
943 263 984 299 no·

180 320 241 376 stris
251 321 322 375 enim
333 335 441 390 prorsus
451 336 536 390 neque
545 328 611 374 terra
622 336 708 390 neque
717 317 785 372 mari
794 319 934 392 effugium
944 320 984 373 dr-

180 395 258 449 batur
265 393 499 462 vietis,·omuiaque
508 391 825 448 victoribusemntiutura
835 393 865 446 in
874 393 983 447 incerto:

180 468 229 532 iili,
242 469 265 521 si
275 474 443 538 superassent
452 466 574 532 navibus,
586 467 676 521 omnia
686 474 815 534 tenerent;
838 467 862 519 si
878 466 984 522 inferio

180 559 222 596 res
233 541 353 604 fuissent,
370 539 497 612 reliquam
510 548 598 595 tumen
614 539 746 594 fortunam
761 539 983 610 periclitarentur.

180 613 267 670 Siuiul
278 615 344 668 illud
354 631 434 686 grave
443 629 473 668 ao
485 615 612 668 miserum
627 614 780 677 videbatur,
790 629 944 684 perpaucos
956 615 984 668 de

181 687 845 744 summarerumaodesaiuteomniumdeoertaro:
867 705 982 759 quorum

181 763 205 816 si
217 762 265 834 qui
274 769 320 816 aut
330 762 420 815 animo
431 769 477 827 qut
486 761 583 816 virtute
591 761 720 826 oessisset
731 761 844 832 reliquis
854 763 939 816 etiem
948 779 984 815 es

180 842 221 890 set
229 835 386 896 cavendum,
394 833 495 904 quibus
505 835 728 908 prosepugnandi
736 834 849 889 facultas
857 853 916 890 non
924 835 985 890 iuis-

181 917 231 964 set.
251 909 318 962 Haeo
327 907 508 977 superioribus
518 908 612 964 diebus
621 925 810 986 saepenumero
819 909 924 964 Caesar
932 911 985 963 suis

181 987 345 1052 exposuerat,
365 988 394 1036 ut
408 982 457 1034 hoe
471 984 569 1039 maiore
587 983 676 1038 animo
693 983 894 1048 mutenderenr,
918 983 986 1055 quod

181 1055 303 1112 omnium
316 1053 428 1110 salutem
441 1055 493 1110 sibi
507 1057 716 1111 commendatam
733 1056 865 1112 viderent.
886 1057 986 1113 Eadem

181 1146 263 1184 suum
276 1128 391 1200 quisque
404 1130 626 1196 oontubernalem,
642 1131 767 1195 enricum,
785 1138 883 1186 notum
898 1149 986 1203 prose·

182 1220 268 1274 quens
278 1210 333 1257 erat
344 1203 496 1268 obtestatus,
513 1221 546 1258 ne
559 1223 635 1260 suum
651 1212 730 1277 atque
744 1205 870 1260 omnium
887 1205 986 1261 falleret

181 1277 343 1348 opinionem,
358 1294 473 1347 quorum
486 1279 582 1333 iudicio
594 1278 708 1334 deisonis
722 1278 755 1332 ed
769 1294 893 1352 pugnam
909 1281 986 1352 profi-

181 1354 332 1406 cisoeretun
352 1353 447 1422 ltaque
459 1352 508 1406 hoc
520 1355 608 1406 animo
616 1361 656 1406 est
669 1353 839 1417 decertatum,
857 1363 890 1408 ut
902 1371 986 1426 neque

182 1425 323 1482 maritimis
343 1426 508 1496 nauticisque
528 1425 642 1480 sollertia
660 1435 739 1498 atque
757 1443 800 1480 ars
820 1429 984 1498 praesidium

182 1498 272 1566 ferret3
294 1516 380 1570 neque
390 1516 500 1568 pumero
514 1517 623 1553 navium
632 1500 826 1570 praestantibus
841 1501 985 1557 multitudo
1003 1503 1004 1510 ’

182 1573 325 1645 prodesset,
333 1590 418 1644 neque
427 1574 504 1627 erecti
514 1573 547 1628 ad
557 1574 681 1628 virtutem
691 1591 724 1628 ex
736 1582 805 1628 tantu
814 1574 985 1630 multitudine

183 1648 234 1702 viri
250 1647 340 1701 virtuti
356 1654 506 1700 nostrorum
518 1657 624 1716 possent
639 1647 789 1718 adaequari.
811 1647 930 1719 Capitur
942 1651 984 1704 hoc

183 1721 283 1792 proelio
295 1721 496 1791 quinqueremis
509 1738 563 1776 una
573 1730 599 1776 et
608 1721 716 1775 biremis
728 1739 789 1776 cum
800 1721 982 1778 defensoribru

184 1794 385 1867 remigibusque
398 1802 424 1848 et
442 1795 628 1865 deprimuntur
644 1803 706 1864 tres,
727 1796 824 1849 nostris
844 1797 983 1853 ineolumi-

184 1867 237 1922 bus
251 1868 392 1922 omnibus:
417 1867 534 1940 reliquae
552 1869 727 1940 propinquam
746 1868 838 1941 fugam
860 1871 895 1924 ad
915 1873 984 1943 oppi-

184 1941 250 1995 dum
259 1942 379 2012 rapiunt,
392 1959 460 2011 quus
469 1950 638 2013 protexenrnt
649 1959 682 1997 ex
693 1942 809 1997 molibus
820 1950 904 2016 utque
920 1947 983 2001 aedi-

184 2014 252 2143 {qeiis
271 2015 483 2081 imminentibus,
506 2024 531 2070 et
547 2023 649 2072 nostros
672 2017 744 2072 adim
763 2017 877 2089 propius
898 2020 984 2091 pmhi-

203 2096 309 2144 uerunt.

240 2162 324 2218 XVII.
344 2161 398 2216 Hoc
407 2179 440 2217 ne
450 2161 503 2218 sibi
511 2164 617 2234 saepius
627 2163 743 2219 aecidere
751 2172 848 2236 posset,
861 2167 940 2222 omui
950 2185 983 2221 m·

185 2236 256 2292 tione
277 2235 372 2291 Caesar
392 2236 602 2292 contendendum
624 2239 795 2302 existimavit,
820 2247 851 2294 ut
871 2240 983 2295 insulam

186 2311 345 2382 molemque,
360 2309 394 2364 ad
405 2309 520 2366 insulam
529 2312 712 2382 pertinentem.
732 2313 849 2368 insuam
860 2315 984 2388 redigeret

186 2393 352 2456 potestatem:
375 2383 494 2455 perfectis
508 2387 579 2440 enim
594 2403 691 2458 magna
704 2404 738 2442 ex
747 2395 821 2457 parte
830 2389 984 2443 munitioni-

186 2458 276 2514 busin
286 2457 392 2528 oppido,
413 2467 439 2512 et
454 2459 528 2513 illam
544 2467 569 2514 et
583 2459 677 2513 urbem
692 2477 746 2530 uno
759 2467 877 2530 temporo
896 2463 984 2516 tentan'

187 2531 425 2600 possooonfidebat.
445 2530 586 2601 Onorapto
595 2533 714 2596 consitio,
731 2535 849 2588 eohortes
858 2533 952 2589 deoern
966 2545 985 2588 et

187 2602 253 2656 levis
263 2612 412 2658 armaturae
421 2604 523 2669 eiectos,
539 2621 607 2676 quos
618 2605 725 2662 idoneos
735 2624 768 2662 ex
778 2607 918 2679 equitibus
928 2609 986 2663 Gul-
