2072 2998
157 168 207 224 2‘5
383 176 434 222 DE
454 177 579 223 RELLO
598 175 719 224 ctvm

157 283 205 339 set,
216 273 333 330 oobortee
340 276 469 347 quinque,
481 275 640 347 praemissae
651 270 786 332 attonito
793 276 952 348 exoppido,

157 359 263 422 pontem
277 343 395 405 fluminis
410 351 642 421 interrumpebant,
662 351 781 423 quierat
799 349 833 404 ab
854 352 955 422 oppido

157 423 242 479 millia
260 441 387 496 passuum
402 424 504 480 struitur
515 425 575 479 trie.
600 425 641 479 ibt
656 441 719 479 oum
738 425 954 480 antecursoribus

157 497 540 571 Caesaris'proeliowmmisso,
553 497 670 554 eeleriter
679 498 829 563 Domitiani,
848 509 955 572 sponte

157 573 267 646 repulsi,
282 573 348 628 sein
357 573 485 646 oppidum
499 581 660 645 reoepenrnt.
680 573 782 636 Caesar,
800 572 953 647 legionibus

157 647 329 712 transductis,
355 649 390 702 ad
406 648 534 720 oppidum
555 648 671 704 oonstitit
691 648 818 721 iuxtaque
839 645 968 706 murum‘

157 730 240 778 eastre
250 723 347 794 posuit.

211 797 295 852 XVll.
315 797 353 852 lle
361 798 474 870 oognita,
485 797 614 853 munitius
624 797 658 852 ad
666 797 821 868 Pompeium
836 797 867 853 in
877 799 956 871 Apu-

157 871 221 926 liam
231 871 326 942 peritos
335 872 482 946 regionum,
497 887 595 946 magno
603 871 734 944 proposito
741 871 870 943 praemio,
889 891 953 928 oum

157 945 249 1002 litteris
259 946 347 1012 mittit,
359 947 407 1018 qui
416 954 505 1018 potant
514 953 682 1019 atqueorent,
693 953 724 1002 ut
732 946 784 1002 sibi
797 945 950 1004 subveniat:

159 1020 295 1076 Caesam
304 1024 403 1076 duwue
411 1025 567 1077 ouantibus
576 1029 601 1076 et
613 1025 727 1076 looonmt
735 1026 866 1090 ausoniis
873 1028 955 1093 {asilo

156 1099 297 1151 inmolant
303 1113 376 1165 posse
384 1102 561 1168 frumentuw
567 1099 709 1165 mutum.
731 1095 804 1161 Quod
817 1101 873 1152 uisi
883 1103 954 1167 {eos

156 1176 202 1234 rit,
216 1188 244 1226 so
254 1174 535 1241 solutosquoomplius
543 1171 633 1225 XXX
637 1185 806 1239 mopnumque
814 1187 955 1227 numerum

156 1255 304 1300 senatorum
313 1255 390 1316 atque
398 1249 511 1316 equitum
518 1246 690 1300 Romanorum
705 1250 734 1299 ln
740 1247 953 1313 patwtomma

156 1328 300 1374 uenturum.
320 1319 428 1374 interim
437 1335 499 1374 suos
510 1319 668 1384 cohortatus,
684 1326 811 1374 tormenta
822 1320 851 1374 in
864 1322 952 1375 muris

157 1393 282 1466 disponit,
302 1401 438 1466 certasque
449 1395 545 1466 ouique
559 1401 645 1464 partes
666 1393 700 1448 sd
712 1392 860 1448 urnodism
874 1395 952 1450 urbis
1029 1397 1030 1416 ³

157 1468 296 1524 adtribuit:
318 1468 447 1524 militibus
461 1469 489 1523 in
501 1468 626 1524 oonoione
640 1483 717 1542 agros
730 1485 763 1523 ex
777 1467 835 1522 suis
845 1483 952 1540 posses·

157 1544 277 1600 sionibus
287 1543 432 1615 pollicetur,
446 1551 573 1616 quaterna
587 1542 615 1597 in
629 1541 749 1616 singulos
763 1541 855 1616 iugera
866 1552 952 1616 etpro

157 1626 212 1674 rata
222 1626 295 1689 parte
303 1619 501 1674 centurionibus
513 1617 687 1690 evocatisque.
820 1637 824 1644 ¹
1028 1685 1029 1692 ἵ

211 1693 306 1747 xvlu.
326 1695 433 1748 Interim
452 1692 555 1750 Caesari
574 1691 724 1753 nunciatur,
745 1688 946 1758 Sulmonenses,

157 1767 230 1838 quod
239 1766 391 1838 oppiduma
405 1767 519 1823 Corfinio
528 1767 575 1822 Vll
589 1765 705 1821 millium
714 1764 852 1821 intervallo
863 1767 947 1832 obest,

156 1857 252 1911 carpere
265 1858 294 1895 ea
304 1840 394 1908 lasere,
411 1840 577 1914 quaevellet3
598 1839 645 1896 sed
656 1857 671 1894 a
683 1840 716 1907 Q.
727 1840 857 1905 Lucretio,
873 1859 951 1897 sena-
1027 1905 1028 1916 χ

156 1923 220 1978 tore,
240 1921 265 1968 et
283 1915 353 1970 Attio
367 1915 474 1990 Peligno
487 1915 629 1989 prohiberi,
649 1915 702 1987 qui·
716 1913 744 1969 id
756 1915 885 1987 oppidum
903 1917 949 1972 Vll

156 1988 303 2042 oohortium
317 1990 447 2060 praesidio
461 1989 593 2046 tenebant.
616 1990 694 2045 Mittit
707 2005 738 2046 eo
751 1989 788 2044 ll.
802 1989 949 2046 Antonium

156 2075 219 2116 orm
230 2060 339 2134 legionis
346 2063 737 2137 octoveeoobortibusquinquo.
747 2061 946 2132 Sulmonenses,

157 2133 330 2206 simulatque
344 2146 431 2192 nosne
443 2139 519 2212 signa
528 2138 661 2204 viderunt,
681 2143 769 2210 portas
778 2149 947 2210 aper-mut,

156 2210 328 2282 universique
341 2213 505 2285 etoppidani
519 2219 545 2268 et
556 2212 653 2268 milites
667 2212 773 2268 obviam
787 2213 949 2286 gratulantes

157 2285 272 2342 Antonio
279 2285 413 2342 exierunt:
433 2287 570 2343 Lueretius
580 2295 606 2342 et
614 2287 701 2343 Attius
711 2287 744 2342 de
752 2303 829 2344 mum
840 2305 871 2344 se
878 2289 950 2346 deie-

157 2369 257 2418 uerunt.
287 2361 384 2427 Attius,
404 2360 438 2418 ad
458 2362 603 2418 Antonium
622 2361 760 2427 deductus,
781 2355 862 2432 pute·
874 2365 951 2420 uted

158 2437 294 2494 Caesarem
303 2437 457 2493 mitteretur.
477 2436 607 2493 Antonius
615 2452 678 2492 oum
686 2435 837 2492 cohortibus
844 2445 871 2493 et
879 2439 950 2494 Attio

158 2511 249 2566 eodem
264 2511 316 2579 die,
338 2529 392 2586 quo
404 2510 534 2585 proiectus
548 2518 610 2575 erat,
631 2511 780 2566 revertitur:
796 2511 894 2568 Caesar
905 2531 950 2570 eas

157 2583 275 2640 oobortes
283 2603 345 2644 oum
355 2589 469 2644 exercitu
478 2603 527 2642 suo
536 2583 951 2657 ooniunxitntuumquainouu-

158 2659 343 2718 memdimisit
353 2661 538 2720 Caesartribus
545 2659 640 2733 primis
649 2659 743 2716 diebus
751 2668 835 2716 uestra
844 2664 952 2737 magnis
1007 2691 1017 2726 0

952 2827 957 2858 l
