2072 2998
332 164 402 210 LIB.
414 165 458 213 v1.
487 167 566 214 CAP.
581 167 624 213 13.
824 165 873 220 133

73 262 166 328 alieno,
183 271 231 318 aut
239 263 426 337 magnitudine
434 265 604 332 tributarum,
622 275 668 322 aut
677 267 773 324 iniuria
785 277 878 342 potan-

73 339 169 393 tiorum
178 346 350 410 premuntur,
362 339 455 394 sesain
466 342 619 397 servitutem
631 342 720 396 dicant
731 343 874 402 nobilibus.

71 414 99 468 iu
108 413 157 468 hos
167 413 262 467 cadem
271 413 435 469 omniasunt
444 415 510 480 iura,
525 433 594 488 quae
603 416 719 470 dominis
733 417 762 471 iu
776 435 875 474 servos.

69 487 120 543 Sed
129 487 163 542 de
171 487 216 542 his
225 487 333 542 duobus
342 489 483 560 generibus
493 489 603 545 alterum
613 499 653 545 est
660 490 802 556 Druidum,
814 492 878 547 alta

68 579 131 618 rum
149 563 285 634 equitum.
311 562 355 616 llli
372 563 451 618 robus
469 563 568 620 divinis
588 567 728 631 intersunt,
750 566 877 622 sacrificia

66 637 177 711 publiea
186 653 218 692 aa
227 638 333 709 privata
344 645 493 708 procurant,
508 639 648 714 religiones
661 641 875 714 interpretantur.

67 712 112 768 Ad
131 712 181 766 hcs
204 729 323 785 magnus
345 711 548 786 adolescentium
571 733 699 770 numerus
721 715 877 788 discipliuae

67 804 163 842 caussa
176 787 320 852 concurrit,
341 803 492 860 magnoque
506 789 524 842 ii
538 798 602 843 sunt
614 790 684 862 apud
703 805 748 845 ecs
765 790 874 846 honore.

67 864 138 918 Nam
147 859 202 916 iere
211 861 245 916 de
255 861 383 916 omnibus
392 863 576 918 controversiis
584 864 699 936 publicis
712 865 877 938 privatisque

66 937 249 1004 constituunt;
270 943 305 1001 et,
321 936 345 990 si
360 936 432 1008 qucd
441 945 481 991 est
490 937 638 994 admissum
647 937 759 1007 facinus,
780 941 803 995 si
817 957 877 996 caa-

65 1013 115 1068 dos
124 1010 201 1077 iacta,
209 1011 232 1065 si
242 1011 276 1065 de
285 1009 451 1077 haereditate,
458 1013 481 1066 si
490 1011 523 1067 de
531 1013 632 1068 finibus
641 1015 815 1071 controversia
825 1023 873 1082 est,

66 1088 151 1142 iidem
165 1086 328 1155 decernunt;
342 1139 344 1144 ,
353 1086 470 1157 praemia
486 1103 638 1161 poenasquo
655 1090 831 1146 constituunt:
852 1090 876 1145 si

66 1163 118 1236 qui
127 1168 174 1215 aut
183 1161 306 1232 privatus
316 1167 363 1215 aut
371 1161 496 1232 publicus
506 1177 597 1218 eorum
611 1163 713 1220 decreto
726 1181 779 1220 non
794 1165 873 1230 stetit,

67 1235 206 1292 sacrifieiis
216 1235 387 1290 interdicunt
406 1237 475 1292 Hace
483 1253 567 1308 poena
579 1238 652 1310 apud
663 1255 707 1295 eos
720 1247 760 1294 est
771 1239 877 1314 gravis-

68 1311 151 1366 sima.
171 1309 276 1377 Quibus
288 1311 324 1364 ita
334 1317 374 1364 est
386 1310 563 1377 intardictum
580 1313 600 1366 ii
609 1329 720 1369 numero
730 1315 880 1386 impiorum·

68 1402 104 1442 ac
112 1383 298 1442 sceleratorum
308 1384 454 1454 habentur3
475 1386 509 1441 iis
519 1403 612 1442 ornnes
622 1387 760 1464 decedunt,
773 1388 876 1444 aditum

68 1475 162 1516 eorum
171 1476 378 1532 sermonemque
387 1459 536 1534 defugiunt,
552 1461 660 1532 nequid
674 1479 708 1516 ex
722 1464 876 1536 contagione

69 1537 230 1593 incommodi
247 1533 394 1606 accipiant:
415 1552 503 1608 noque
516 1536 551 1589 iis
565 1535 715 1606 petentibus
731 1537 774 1590 ius
789 1537 877 1591 reddi·
897 1553 902 1562 ·

68 1619 120 1677 tur,
132 1629 219 1684 neque
228 1611 318 1666 honos
328 1608 401 1664 ullus
413 1610 634 1666 communicatur.
654 1609 702 1664 His
717 1617 806 1664 autem
819 1627 878 1665 om-

68 1686 149 1742 nibus
157 1686 312 1743 Druidibus
322 1691 423 1756 praeest
435 1702 516 1748 unus.
537 1684 585 1757 qui
600 1699 736 1740 summam
752 1685 819 1738 inter
833 1701 876 1739 ecs

68 1761 144 1818 habet
153 1762 352 1818 auctoritatem.
372 1759 426 1814 Hoc
435 1766 548 1826 mortuo,
566 1759 589 1815 si
600 1759 647 1833 qui
657 1776 691 1814 ex
705 1759 815 1832 reliquis
830 1761 877 1813 erss

67 1837 288 1913 uellitdignitatc,
307 1833 436 1890 succedit:
456 1841 491 1900 at,
509 1834 532 1888 si
543 1841 606 1890 sunt
613 1833 703 1906 plures
713 1851 798 1906 pares,
820 1831 877 1889 sui-

67 1912 150 1987 iragic
163 1911 304 1968 Druidum
317 1907 360 1962 adl
396 1908 456 1974 tur,
478 1925 682 1984 nonnumquam
696 1911 774 1966 etiam
794 1909 876 1964 armis

66 1987 98 2042 de
106 1987 262 2060 principatu
273 1989 368 2039 conten
387 1989 446 2038 unt.
462 1981 494 2037 Hi
504 1991 572 2038 certo
582 1983 645 2038 anni
655 1991 770 2056 tempore
780 1984 877 2040 infini-
976 2035 978 2038 .

68 2062 288 2123 busCarnutum‚
301 2073 369 2129 quaa
379 2058 450 2132 ragio
460 2057 647 2113 totiusGalliae
655 2059 742 2116 media
752 2061 873 2125 habetur,

61 2137 210 2191 >considunt
220 2135 251 2190 in
263 2133 321 2186 icco
331 2139 487 2188 consecrato.
506 2133 565 2187 Huc
575 2150 668 2189 omnes
682 2136 810 2209 undique,
828 2134 876 2207 qui

68 2210 261 2267 controversias
271 2206 379 2273 habent,
392 2206 552 2262 conveniunt
561 2223 706 2282 eorumque
715 2209 825 2266 decretis
834 2209 878 2262 iu-

69 2285 199 2357 diciisque
208 2289 316 2356 parent.
337 2281 479 2354 Disciplina
492 2280 520 2336 in
533 2281 668 2338 Britannia
683 2291 784 2356 reperta
799 2289 878 2352 atque

70 2360 131 2414 inde
140 2357 296 2414 inGalliam
305 2357 431 2411 translata
441 2373 497 2410 esse
507 2356 686 2412 existimatur:
706 2357 878 2426 etnunc‚qui

69 2433 226 2508 diligentius
236 2447 298 2486 eam
309 2445 363 2484 rem
374 2444 529 2505 cognoscere
543 2430 645 2497 volunt,
665 2431 823 2502 plerumque
833 2429 879 2484 illo

69 2507 188 2566 discendi
199 2521 297 2562 caussa
308 2505 520 2574 proficiscuntur.

123 2583 199 2639 XIV.
220 2577 441 2638 Druidasabello
450 2580 542 2634 abesse
551 2586 722 2640 consuerunt,
738 2593 823 2647 neque
832 2577 880 2631 tri-

71 2657 134 2712 buta
148 2669 290 2712 unacum
303 2652 413 2727 reliquis
432 2654 567 2735 pandunt3
589 2649 699 2705 militiae
717 2651 879 2707 uacationem
