2042 3004
181 162 475 241 ALEIIANDRINO.
505 165 586 212 CAP.
600 163 692 210 2'I.28.
786 159 831 214 ddi

39 261 254 340 grasaulaeratis
262 261 426 335 defossisque
435 263 599 330 subiiciebat,
610 272 636 319 et
645 268 838 336 perseverantia

38 338 240 409 constantiaque
256 338 438 412 oppugnandi,
459 355 513 411 quo
530 338 573 394 die
591 345 630 394 est
644 334 793 412 adgressus.
808 341 837 394 in

38 431 119 470 suam
129 412 229 486 redegit
235 420 389 484 potestatem
396 413 609 486 praesidiumque
617 413 655 472 ibi
667 429 748 468 suum
757 413 838 469 eollo*

36 488 120 548 cavit.
149 487 222 553 Inde,
244 487 348 543 rebene
362 495 444 561 gesta,
461 487 837 544 AlexandriamadCaesarem

36 561 183 626 oontendlt
200 577 348 634 omnesque
361 579 404 617 eas
414 563 542 636 regiones,
565 579 612 635 per
620 579 688 634 quas
700 563 748 618 iter
760 562 838 618 faeie-

35 641 96 703 bat,
111 637 262 692 auctoritate
270 654 309 700 ea,
320 653 389 708 quae
397 637 555 710 plerumque
563 638 637 692 adest
645 639 748 711 victori
760 655 837 710 paea-

35 719 81 770 rat
94 719 175 782 atque
184 711 212 766 in
222 711 361 766 amititiara
371 711 489 768 Caesaris
499 709 640 786 relegerat.

96 783 208 840 xxva.
227 787 312 842 Locus
320 785 422 842 ostiara
480 787 569 842 'onam
583 787 689 842 illarum
702 785 838 842 nobilissi-

35 877 113 922 mus.
125 859 225 916 nonita
234 859 456 934 longeahdlexan
492 863 523 928 ἀ,
535 860 583 934 qui
592 862 743 918 nominatur
752 861 834 928 Delta,

35 934 115 1012 quod
125 952 223 990 nomen
240 953 256 990 a
275 935 449 1002 similitudipa
467 937 565 992 litterae
582 937 663 1009 oepit:
693 955 756 992 narn
775 953 837 1008 pam

3 1059 4 1088 p
34 1008 300 1086 quaedamlluminis
310 1010 373 1075 Nili,
394 1011 460 1066 mira
468 1011 582 1066 derivata
592 1012 658 1066 Inter
673 1027 710 1076 se,
731 1011 837 1066 duobus

3 1131 4 1146 2
34 1085 183 1144 itineribus
196 1084 335 1156 paullatim
354 1085 471 1151 medium
491 1085 558 1139 Inter
576 1103 605 1140 se
622 1088 738 1158 spetlum
756 1085 838 1140 talla-

3 1205 4 1235 }
34 1158 332 1236 quens„diversiasimo
345 1159 379 1214 ad
393 1158 456 1213 litus
471 1158 607 1214 intervallo
617 1161 684 1214 mari
697 1161 837 1233 ooniungi-

3 1279 5 1316 ,
35 1247 96 1293 tur.
125 1231 176 1288 Cui
195 1233 251 1290 looo
271 1250 357 1305 quum
376 1233 586 1304 adpropinquare
603 1233 768 1291 Mithridaten
790 1253 837 1290 rex

3 1351 5 1386 p
35 1308 210 1383 cognovisset
218 1316 244 1364 et
256 1306 450 1363 transeundum
460 1308 485 1362 ei
502 1307 602 1362 flumen
620 1307 705 1372 eoiret,
726 1324 837 1380 magnes

2 1409 5 1463 p
36 1384 243 1442 advertusaum
252 1383 341 1455 eopias
353 1382 435 1447 misit,
452 1381 603 1452 quibusvel
616 1381 735 1452 superari
744 1381 839 1438 deleri-

3 1483 5 1538 ᾗ
37 1475 97 1534 quo
107 1455 286 1522 Mithridaten,
300 1456 341 1512 vel
350 1457 409 1510 sine
417 1455 500 1510 dubio
508 1456 613 1510 redemi
622 1470 699 1526 potae
708 1456 837 1514 credebat.

3 1573 5 1610 ,
36 1531 273 1602 Quemadmodum
282 1525 370 1586 etitem
383 1530 557 1602 optabataum
567 1530 648 1595 vinei,
669 1531 780 1585 siesads
791 1532 839 1585 ha-

2 1648 6 1687 J
36 1609 130 1672 habat,
143 1605 315 1661 interclusum
325 1605 637 1662 adaesareaserttineri.
657 1603 729 1671 Quae
738 1605 840 1676 primae

36 1682 133 1756 eopiae
147 1679 248 1736 flumen
265 1697 280 1735 a
295 1678 368 1734 Delta
378 1680 526 1742 transireat
542 1679 686 1736 Mithridati
705 1695 840 1734 ooeurrere

2 1797 5 1834 Ι
37 1761 195 1833 potuamnt,
208 1753 339 1825 proelium
353 1755 553 1820 commiserant,
577 1753 727 1810 festinantes
741 1755 840 1826 praeri-

2 1855 5 1907 ὴ
37 1827 340 1908 peresubsequentibus
353 1829 476 1885 victoriae
484 1829 644 1884 amimam:
664 1845 777 1900 quorum
789 1829 841 1910 im:

3 1944 4 1981 p
37 1914 135 1984 petum
144 1903 308 1961 Mithridates
317 1921 413 1978 magna
422 1921 484 1958 eum
492 1903 641 1976 prudentia,
652 1903 841 1960 oomuetudine

3 2021 4 2056 ;
39 1989 133 2042 nostm
151 1979 244 2034 eastris
262 1977 375 2046 vallatis,
396 1979 533 2034 sustinuit.
558 1977 647 2046 Quum
662 1996 724 2035 varo
738 1979 841 2035 incaute

40 2067 123 2130 atque
142 2053 284 2112 insolenter
301 2053 441 2112 suoeedere
457 2071 502 2110 eos
520 2053 712 2110 munitionibus
730 2055 838 2120 videret,

40 2130 182 2202 eruptione
190 2129 310 2202 undique
319 2127 393 2196 laete,
406 2146 535 2204 magnum
545 2147 687 2186 numerum
697 2145 788 2186 eorum
799 2131 841 2185 in—

42 2203 154 2260 teriecit
174 2203 250 2270 Quod
260 2205 313 2260 nisi
326 2206 443 2262 lotorum
456 2205 545 2260 notitia
559 2203 655 2278 reliqui
665 2221 694 2260 aa
704 2205 839 2262 texIssent.

41 2277 198 2354 partimque
211 2279 240 2334 in
252 2295 344 2346 naves,
362 2281 463 2352 quibus
476 2279 576 2336 llumen
585 2281 751 2344 transierant,
772 2295 843 2333 reee-

40 2355 158 2430 pissent‚
178 2349 298 2408 funditus
315 2354 393 2411 deleti
411 2362 507 2410 essent.
536 2353 589 2421 (Μ
605 2362 636 2409 ut
648 2351 798 2426 paullulum
809 2351 843 2408 ab

42 2427 192 2486 illotimoru
200 2426 844 2500 sereoreamnt‚adianotisiis‚quisubsequeban-

43 2513 100 2570 tur,
115 2518 210 2558 rursus
220 2517 372 2576 oppugnare
380 2503 548 2561 Mithridaten
558 2509 709 2574 coeperunt.

103 2575 224 2634 XXVIII.
243 2577 536 2634 Mittiturattithridate
545 2577 660 2634 annolus
668 2574 781 2641 Caesari,
796 2575 844 2646 qui
921 2627 924 2631 .

24 2687 28 2692 -
46 2667 105 2708 rem
117 2660 219 2726 gestam
232 2651 365 2727 perferret.
390 2653 529 2728 Cognoscit
542 2667 576 2708 ax
590 2651 656 2717 suis,
678 2649 767 2706 eadem
782 2650 847 2706 llaec

88 2743 139 2798 lor.
154 2743 226 2801 Gaas.
643 2743 683 2800 Co

3 2925 5 2952 l

3 2957 5 2971 r
