<?xml version="1.0" encoding="UTF-8"?>
<!DOCTYPE html PUBLIC "-//W3C//DTD XHTML 1.0 Transitional//EN"
    "http://www.w3.org/TR/xhtml1/DTD/xhtml1-transitional.dtd">
<html xmlns="http://www.w3.org/1999/xhtml" xml:lang="en" lang="en">
 <head>
  <title>
</title>
<meta http-equiv="Content-Type" content="text/html;charset=utf-8" />
  <meta name='ocr-system' content='tesseract 3.04.00' />
  <meta name='ocr-capabilities' content='ocr_page ocr_carea ocr_par ocr_line ocrx_word'/>
</head>
<body>
  <div class='ocr_page' id='page_1' title='image "./ciuliicaesarisc04caesgoog_0500.png"; bbox 0 0 2044 2992; ppageno 0'>
   <div class='ocr_carea' id='block_1_1' title="bbox 221 157 834 211">
    <p class='ocr_par' dir='ltr' id='par_1_1' title="bbox 221 157 834 211">
     <span class='ocr_line' id='line_1_1' title="bbox 221 157 834 211; baseline 0.01 -6"><span class='ocrx_word' id='word_1_1' title='bbox 221 157 481 205; x_wconf 74' lang='lat' dir='ltr'>HISPANIENSI.</span> <span class='ocrx_word' id='word_1_2' title='bbox 513 159 594 206; x_wconf 78' lang='lat' dir='ltr'><strong>cAP.</strong></span> <span class='ocrx_word' id='word_1_3' title='bbox 609 160 649 206; x_wconf 77' lang='lat'><strong>16.</strong></span> <span class='ocrx_word' id='word_1_4' title='bbox 788 158 834 211; x_wconf 74' lang='lat' dir='ltr'><strong>50l</strong></span> 
     </span>
    </p>
   </div>
   <div class='ocr_carea' id='block_1_2' title="bbox 4 256 906 2479">
    <p class='ocr_par' dir='ltr' id='par_1_2' title="bbox 4 256 906 2479">
     <span class='ocr_line' id='line_1_2' title="bbox 19 256 840 334; baseline -0.001 -16"><span class='ocrx_word' id='word_1_5' title='bbox 19 265 114 324; x_wconf 80' lang='lat' dir='ltr'><strong>esset,</strong></span> <span class='ocrx_word' id='word_1_6' title='bbox 137 256 287 330; x_wconf 81' lang='lat' dir='ltr'><strong>complures</strong></span> <span class='ocrx_word' id='word_1_7' title='bbox 306 272 339 309; x_wconf 81' lang='lat' dir='ltr'><strong>ex</strong></span> <span class='ocrx_word' id='word_1_8' title='bbox 358 256 434 328; x_wconf 82' lang='lat' dir='ltr'><strong>equis</strong></span> <span class='ocrx_word' id='word_1_9' title='bbox 456 256 653 313; x_wconf 83' lang='lat' dir='ltr'><strong>descenderunt.</strong></span> <span class='ocrx_word' id='word_1_10' title='bbox 687 260 723 314; x_wconf 91' lang='lat' dir='ltr'><strong>lta</strong></span> <span class='ocrx_word' id='word_1_11' title='bbox 742 261 840 334; x_wconf 78' lang='lat' dir='ltr'><strong>exiguo</strong></span> 
     </span>
     <span class='ocr_line' id='line_1_3' title="bbox 19 329 840 404; baseline 0.007 -20"><span class='ocrx_word' id='word_1_12' title='bbox 19 347 85 392; x_wconf 74' lang='lat' dir='ltr'><strong>tom</strong></span> <span class='ocrx_word' id='word_1_13' title='bbox 90 347 155 404; x_wconf 89' lang='lat' dir='ltr'><strong>pore</strong></span> <span class='ocrx_word' id='word_1_14' title='bbox 164 347 245 402; x_wconf 87' lang='lat' dir='ltr'><strong>eques</strong></span> <span class='ocrx_word' id='word_1_15' title='bbox 256 329 382 400; x_wconf 77' lang='lat' dir='ltr'>pedestre,</span> <span class='ocrx_word' id='word_1_16' title='bbox 398 329 478 400; x_wconf 84' lang='lat' dir='ltr'><strong>pedes</strong></span> <span class='ocrx_word' id='word_1_17' title='bbox 487 339 608 403; x_wconf 80' lang='lat' dir='ltr'>equestre</span> <span class='ocrx_word' id='word_1_18' title='bbox 617 331 746 402; x_wconf 89' lang='lat' dir='ltr'><strong>proelium</strong></span> <span class='ocrx_word' id='word_1_19' title='bbox 757 332 840 390; x_wconf 85' lang='lat' dir='ltr'><strong>facere</strong></span> 
     </span>
     <span class='ocr_line' id='line_1_4' title="bbox 20 403 838 478; baseline 0.005 -19"><span class='ocrx_word' id='word_1_20' title='bbox 20 407 130 478; x_wconf 81' lang='lat' dir='ltr'><strong>coepit,</strong></span> <span class='ocrx_word' id='word_1_21' title='bbox 148 421 282 476; x_wconf 77' lang='lat' dir='ltr'><strong>usquam,</strong></span> <span class='ocrx_word' id='word_1_22' title='bbox 303 411 333 457; x_wconf 87' lang='lat' dir='ltr'><strong>ut</strong></span> <span class='ocrx_word' id='word_1_23' title='bbox 345 403 449 458; x_wconf 80' lang='lat' dir='ltr'><strong>caedem</strong></span> <span class='ocrx_word' id='word_1_24' title='bbox 457 405 578 476; x_wconf 78' lang='lat' dir='ltr'><strong>proxime</strong></span> <span class='ocrx_word' id='word_1_25' title='bbox 595 423 610 460; x_wconf 90' lang='lat' dir='ltr'><strong>a</strong></span> <span class='ocrx_word' id='word_1_26' title='bbox 629 405 699 461; x_wconf 90' lang='lat' dir='ltr'><strong>vallo</strong></span> <span class='ocrx_word' id='word_1_27' title='bbox 720 405 838 464; x_wconf 84' lang='lat' dir='ltr'><strong>fecerint.</strong></span> 
     </span>
     <span class='ocr_line' id='line_1_5' title="bbox 20 475 838 552; baseline 0.002 -18"><span class='ocrx_word' id='word_1_28' title='bbox 20 488 56 541; x_wconf 87' lang='lat' dir='ltr'><strong>ln</strong></span> <span class='ocrx_word' id='word_1_29' title='bbox 72 495 133 552; x_wconf 92' lang='lat' dir='ltr'><strong>quo</strong></span> <span class='ocrx_word' id='word_1_30' title='bbox 141 478 240 550; x_wconf 89' lang='lat' dir='ltr'><strong>proelio</strong></span> <span class='ocrx_word' id='word_1_31' title='bbox 249 475 459 533; x_wconf 79' lang='lat' dir='ltr'><strong>adversariorum</strong></span> <span class='ocrx_word' id='word_1_32' title='bbox 470 479 619 534; x_wconf 81' lang='lat' dir='ltr'><strong>ceciderunt</strong></span> <span class='ocrx_word' id='word_1_33' title='bbox 629 480 749 545; x_wconf 83' lang='lat' dir='ltr'><strong>CXXlll,</strong></span> <span class='ocrx_word' id='word_1_34' title='bbox 766 499 838 536; x_wconf 81' lang='lat' dir='ltr'><strong>com-</strong></span> 
     </span>
     <span class='ocr_line' id='line_1_6' title="bbox 21 553 838 632; baseline -0.002 -20"><span class='ocrx_word' id='word_1_35' title='bbox 21 559 182 632; x_wconf 75' lang='lat' dir='ltr'><strong>pluresque</strong></span> <span class='ocrx_word' id='word_1_36' title='bbox 203 553 285 607; x_wconf 88' lang='lat' dir='ltr'><strong>armis</strong></span> <span class='ocrx_word' id='word_1_37' title='bbox 307 553 389 617; x_wconf 86' lang='lat' dir='ltr'><strong>exuti,</strong></span> <span class='ocrx_word' id='word_1_38' title='bbox 415 553 493 608; x_wconf 86' lang='lat' dir='ltr'><strong>multi</strong></span> <span class='ocrx_word' id='word_1_39' title='bbox 517 553 675 608; x_wconf 88' lang='lat' dir='ltr'><strong>vulneribus</strong></span> <span class='ocrx_word' id='word_1_40' title='bbox 697 553 790 610; x_wconf 79' lang='lat' dir='ltr'><strong>adfecti</strong></span> <span class='ocrx_word' id='word_1_41' title='bbox 811 557 838 612; x_wconf 94' lang='lat' dir='ltr'><strong>in</strong></span> 
     </span>
     <span class='ocr_line' id='line_1_7' title="bbox 20 626 839 696; baseline -0.004 -9"><span class='ocrx_word' id='word_1_42' title='bbox 20 636 122 688; x_wconf 86' lang='lat' dir='ltr'><strong>castre</strong></span> <span class='ocrx_word' id='word_1_43' title='bbox 141 633 204 680; x_wconf 86' lang='lat' dir='ltr'><strong>sunt</strong></span> <span class='ocrx_word' id='word_1_44' title='bbox 226 626 336 680; x_wconf 85' lang='lat' dir='ltr'><strong>redacti:</strong></span> <span class='ocrx_word' id='word_1_45' title='bbox 358 627 439 681; x_wconf 89' lang='lat' dir='ltr'><strong>nostri</strong></span> <span class='ocrx_word' id='word_1_46' title='bbox 453 627 664 696; x_wconf 79' lang='lat' dir='ltr'><strong>ceciderunt1113</strong></span> <span class='ocrx_word' id='word_1_47' title='bbox 686 629 768 684; x_wconf 81' lang='lat' dir='ltr'>saucii</span> <span class='ocrx_word' id='word_1_48' title='bbox 788 631 839 684; x_wconf 88' lang='lat' dir='ltr'><strong>XII</strong></span> 
     </span>
     <span class='ocr_line' id='line_1_8' title="bbox 21 701 839 782; baseline 0.006 -29"><span class='ocrx_word' id='word_1_49' title='bbox 21 703 149 782; x_wconf 78' lang='lat' dir='ltr'><strong>pedites,</strong></span> <span class='ocrx_word' id='word_1_50' title='bbox 161 701 262 772; x_wconf 89' lang='lat' dir='ltr'><strong>equites</strong></span> <span class='ocrx_word' id='word_1_51' title='bbox 271 701 305 756; x_wconf 85' lang='lat' dir='ltr'><strong>V.</strong></span> <span class='ocrx_word' id='word_1_52' title='bbox 334 701 401 756; x_wconf 87' lang='lat' dir='ltr'><strong>Eius</strong></span> <span class='ocrx_word' id='word_1_53' title='bbox 409 701 462 756; x_wconf 90' lang='lat' dir='ltr'><strong>diei</strong></span> <span class='ocrx_word' id='word_1_54' title='bbox 476 702 626 773; x_wconf 78' lang='lat' dir='ltr'>insequenti</span> <span class='ocrx_word' id='word_1_55' title='bbox 636 709 761 774; x_wconf 86' lang='lat' dir='ltr'><strong>ternpore,</strong></span> <span class='ocrx_word' id='word_1_56' title='bbox 782 706 839 776; x_wconf 91' lang='lat' dir='ltr'><strong>pri-</strong></span> 
     </span>
     <span class='ocr_line' id='line_1_9' title="bbox 21 774 837 850; baseline 0 -17"><span class='ocrx_word' id='word_1_57' title='bbox 21 779 108 838; x_wconf 85' lang='lat' dir='ltr'><strong>stine</strong></span> <span class='ocrx_word' id='word_1_58' title='bbox 132 774 322 830; x_wconf 85' lang='lat' dir='ltr'><strong>consuetudine</strong></span> <span class='ocrx_word' id='word_1_59' title='bbox 342 791 391 846; x_wconf 91' lang='lat' dir='ltr'><strong>pro</strong></span> <span class='ocrx_word' id='word_1_60' title='bbox 412 792 489 831; x_wconf 90' lang='lat' dir='ltr'><strong>muro</strong></span> <span class='ocrx_word' id='word_1_61' title='bbox 508 778 623 850; x_wconf 79' lang='lat' dir='ltr'>pugnari</span> <span class='ocrx_word' id='word_1_62' title='bbox 645 783 767 849; x_wconf 90' lang='lat' dir='ltr'><strong>coeptum</strong></span> <span class='ocrx_word' id='word_1_63' title='bbox 790 786 837 833; x_wconf 87' lang='lat' dir='ltr'><strong>est.</strong></span> 
     </span>
     <span class='ocr_line' id='line_1_10' title="bbox 20 847 838 926; baseline 0.002 -20"><span class='ocrx_word' id='word_1_64' title='bbox 20 855 128 921; x_wconf 89' lang='lat' dir='ltr'><strong>Quum</strong></span> <span class='ocrx_word' id='word_1_65' title='bbox 139 847 339 921; x_wconf 80' lang='lat' dir='ltr'><strong>benemagnam</strong></span> <span class='ocrx_word' id='word_1_66' title='bbox 354 849 552 905; x_wconf 81' lang='lat' dir='ltr'><strong>multitudinem</strong></span> <span class='ocrx_word' id='word_1_67' title='bbox 567 851 679 907; x_wconf 87' lang='lat' dir='ltr'><strong>telorum</strong></span> <span class='ocrx_word' id='word_1_68' title='bbox 694 852 838 926; x_wconf 78' lang='lat' dir='ltr'><strong>ignemque</strong></span> 
     </span>
     <span class='ocr_line' id='line_1_11' title="bbox 21 921 838 996; baseline 0.002 -16"><span class='ocrx_word' id='word_1_69' title='bbox 21 923 135 986; x_wconf 88' lang='lat' dir='ltr'><strong>nostris</strong></span> <span class='ocrx_word' id='word_1_70' title='bbox 144 921 345 996; x_wconf 78' lang='lat' dir='ltr'><strong>defendentibus</strong></span> <span class='ocrx_word' id='word_1_71' title='bbox 356 923 514 990; x_wconf 68' lang='lat' dir='ltr'><strong>iniecissent</strong></span> <span class='ocrx_word' id='word_1_72' title='bbox 531 924 675 982; x_wconf 76' lang='lat' dir='ltr'><strong>natandum</strong></span> <span class='ocrx_word' id='word_1_73' title='bbox 685 926 838 982; x_wconf 88' lang='lat' dir='ltr'><strong>crudelissi-</strong></span> 
     </span>
     <span class='ocr_line' id='line_1_12' title="bbox 20 995 838 1074; baseline 0.005 -20"><span class='ocrx_word' id='word_1_74' title='bbox 20 1013 168 1068; x_wconf 88' lang='lat' dir='ltr'><strong>mumque</strong></span> <span class='ocrx_word' id='word_1_75' title='bbox 177 997 278 1052; x_wconf 86' lang='lat' dir='ltr'><strong>lacinus</strong></span> <span class='ocrx_word' id='word_1_76' title='bbox 288 1003 351 1051; x_wconf 90' lang='lat' dir='ltr'><strong>sunt</strong></span> <span class='ocrx_word' id='word_1_77' title='bbox 361 995 489 1070; x_wconf 77' lang='lat' dir='ltr'><strong>adgressi,</strong></span> <span class='ocrx_word' id='word_1_78' title='bbox 503 999 532 1053; x_wconf 91' lang='lat' dir='ltr'><strong>in</strong></span> <span class='ocrx_word' id='word_1_79' title='bbox 541 1010 736 1074; x_wconf 84' lang='lat' dir='ltr'><strong>conspectuque</strong></span> <span class='ocrx_word' id='word_1_80' title='bbox 748 1010 838 1058; x_wconf 86' lang='lat' dir='ltr'><strong>nostro</strong></span> 
     </span>
     <span class='ocr_line' id='line_1_13' title="bbox 21 1070 838 1148; baseline 0.007 -22"><span class='ocrx_word' id='word_1_81' title='bbox 21 1071 164 1142; x_wconf 81' lang='lat' dir='ltr'><strong>hospites,</strong></span> <span class='ocrx_word' id='word_1_82' title='bbox 176 1071 224 1141; x_wconf 92' lang='lat' dir='ltr'><strong>qui</strong></span> <span class='ocrx_word' id='word_1_83' title='bbox 234 1071 262 1125; x_wconf 89' lang='lat' dir='ltr'><strong>in</strong></span> <span class='ocrx_word' id='word_1_84' title='bbox 271 1070 368 1141; x_wconf 85' lang='lat' dir='ltr'><strong>oppido</strong></span> <span class='ocrx_word' id='word_1_85' title='bbox 380 1077 462 1136; x_wconf 87' lang='lat' dir='ltr'><strong>erant,</strong></span> <span class='ocrx_word' id='word_1_86' title='bbox 473 1071 595 1145; x_wconf 80' lang='lat' dir='ltr'><strong>iugulare</strong></span> <span class='ocrx_word' id='word_1_87' title='bbox 604 1081 629 1128; x_wconf 86' lang='lat' dir='ltr'><strong>et</strong></span> <span class='ocrx_word' id='word_1_88' title='bbox 638 1075 753 1132; x_wconf 84' lang='lat' dir='ltr'><strong>demum</strong></span> <span class='ocrx_word' id='word_1_89' title='bbox 762 1093 838 1148; x_wconf 88' lang='lat' dir='ltr'><strong>prae·</strong></span> 
     </span>
     <span class='ocr_line' id='line_1_14' title="bbox 4 1145 837 1223; baseline 0.008 -24"><span class='ocrx_word' id='word_1_90' title='bbox 4 1147 129 1221; x_wconf 72' lang='lat' dir='ltr'><strong>&#39;cipitee</strong></span> <span class='ocrx_word' id='word_1_91' title='bbox 144 1145 246 1198; x_wconf 88' lang='lat' dir='ltr'><strong>mittere</strong></span> <span class='ocrx_word' id='word_1_92' title='bbox 259 1151 409 1215; x_wconf 87' lang='lat' dir='ltr'><strong>coeperunt,</strong></span> <span class='ocrx_word' id='word_1_93' title='bbox 426 1145 504 1200; x_wconf 87' lang='lat' dir='ltr'><strong>sicuti</strong></span> <span class='ocrx_word' id='word_1_94' title='bbox 522 1147 594 1217; x_wconf 89' lang='lat' dir='ltr'><strong>apud</strong></span> <span class='ocrx_word' id='word_1_95' title='bbox 603 1147 742 1204; x_wconf 84' lang='lat' dir='ltr'><strong>barbaros:</strong></span> <span class='ocrx_word' id='word_1_96' title='bbox 764 1150 837 1223; x_wconf 89' lang='lat' dir='ltr'><strong>quod</strong></span> 
     </span>
     <span class='ocr_line' id='line_1_15' title="bbox 4 1217 738 1299; baseline 0.005 -25"><span class='ocrx_word' id='word_1_97' title='bbox 4 1283 6 1292; x_wconf 71' lang='lat'>‚</span> <span class='ocrx_word' id='word_1_98' title='bbox 21 1227 96 1299; x_wconf 86' lang='lat' dir='ltr'><strong>post</strong></span> <span class='ocrx_word' id='word_1_99' title='bbox 105 1217 246 1272; x_wconf 89' lang='lat' dir='ltr'><strong>hominum</strong></span> <span class='ocrx_word' id='word_1_100' title='bbox 256 1219 411 1273; x_wconf 83' lang='lat' dir='ltr'><strong>memoriam</strong></span> <span class='ocrx_word' id='word_1_101' title='bbox 422 1235 570 1290; x_wconf 75' lang='lat' dir='ltr'><strong>numquam</strong></span> <span class='ocrx_word' id='word_1_102' title='bbox 581 1221 738 1277; x_wconf 80' lang='lat' dir='ltr'><strong>estfactum.</strong></span> 
     </span>
     <span class='ocr_line' id='line_1_16' title="bbox 4 1289 837 1367; baseline 0.007 -21"><span class='ocrx_word' id='word_1_103' title='bbox 4 1299 6 1350; x_wconf 79' lang='grc' dir='ltr'>ζ</span> <span class='ocrx_word' id='word_1_104' title='bbox 91 1291 165 1347; x_wconf 87' lang='lat' dir='ltr'><strong>XVl.</strong></span> <span class='ocrx_word' id='word_1_105' title='bbox 190 1289 275 1345; x_wconf 85' lang='lat' dir='ltr'><strong>lluius</strong></span> <span class='ocrx_word' id='word_1_106' title='bbox 295 1291 346 1344; x_wconf 87' lang='lat' dir='ltr'><strong>diei</strong></span> <span class='ocrx_word' id='word_1_107' title='bbox 367 1299 483 1346; x_wconf 88' lang='lat' dir='ltr'><strong>extremo</strong></span> <span class='ocrx_word' id='word_1_108' title='bbox 500 1299 616 1364; x_wconf 81' lang='lat' dir='ltr'><strong>ternpore</strong></span> <span class='ocrx_word' id='word_1_109' title='bbox 636 1311 651 1348; x_wconf 85' lang='lat' dir='ltr'><strong>a</strong></span> <span class='ocrx_word' id='word_1_110' title='bbox 669 1297 837 1367; x_wconf 83' lang='lat' dir='ltr'><strong>Pompeianis</strong></span> 
     </span>
     <span class='ocr_line' id='line_1_17' title="bbox 22 1364 836 1431; baseline -0.005 -2"><span class='ocrx_word' id='word_1_111' title='bbox 22 1373 104 1430; x_wconf 88' lang='lat' dir='ltr'><strong>clam</strong></span> <span class='ocrx_word' id='word_1_112' title='bbox 118 1371 221 1420; x_wconf 87' lang='lat' dir='ltr'><strong>nostros</strong></span> <span class='ocrx_word' id='word_1_113' title='bbox 234 1364 385 1420; x_wconf 88' lang='lat' dir='ltr'><strong>tabellarius</strong></span> <span class='ocrx_word' id='word_1_114' title='bbox 402 1373 441 1420; x_wconf 83' lang='lat' dir='ltr'><strong>est</strong></span> <span class='ocrx_word' id='word_1_115' title='bbox 449 1367 558 1431; x_wconf 84' lang='lat' dir='ltr'><strong>missus,</strong></span> <span class='ocrx_word' id='word_1_116' title='bbox 579 1374 609 1422; x_wconf 92' lang='lat' dir='ltr'><strong>ut</strong></span> <span class='ocrx_word' id='word_1_117' title='bbox 622 1385 651 1424; x_wconf 89' lang='lat' dir='ltr'><strong>ea</strong></span> <span class='ocrx_word' id='word_1_118' title='bbox 665 1377 739 1424; x_wconf 86' lang='lat' dir='ltr'><strong>nocte</strong></span> <span class='ocrx_word' id='word_1_119' title='bbox 751 1378 836 1425; x_wconf 89' lang='lat' dir='ltr'><strong>turres</strong></span> 
     </span>
     <span class='ocr_line' id='line_1_18' title="bbox 5 1421 836 1519; baseline 0.005 -25"><span class='ocrx_word' id='word_1_120' title='bbox 5 1421 7 1452; x_wconf 58' lang='lat'><em>&#39;</em></span> <span class='ocrx_word' id='word_1_121' title='bbox 23 1455 216 1519; x_wconf 68' lang='lat' dir='ltr'><strong>aggeremque</strong></span> <span class='ocrx_word' id='word_1_122' title='bbox 234 1437 401 1494; x_wconf 85' lang='lat' dir='ltr'><strong>incenderent</strong></span> <span class='ocrx_word' id='word_1_123' title='bbox 422 1447 447 1494; x_wconf 88' lang='lat' dir='ltr'><strong>et</strong></span> <span class='ocrx_word' id='word_1_124' title='bbox 464 1441 538 1495; x_wconf 88' lang='lat' dir='ltr'><strong>tertia</strong></span> <span class='ocrx_word' id='word_1_125' title='bbox 558 1441 649 1514; x_wconf 82' lang='lat' dir='ltr'><strong>vigilia</strong></span> <span class='ocrx_word' id='word_1_126' title='bbox 672 1444 836 1514; x_wconf 88' lang='lat' dir='ltr'><strong>eruptionem</strong></span> 
     </span>
     <span class='ocr_line' id='line_1_19' title="bbox 4 1499 837 1589; baseline -0.008 -10"><span class='ocrx_word' id='word_1_127' title='bbox 4 1499 7 1578; x_wconf 45' lang='lat' dir='ltr'>f</span> <span class='ocrx_word' id='word_1_128' title='bbox 23 1521 160 1578; x_wconf 85' lang='lat' dir='ltr'><strong>lacerent.</strong></span> <span class='ocrx_word' id='word_1_129' title='bbox 192 1515 228 1567; x_wconf 88' lang='lat' dir='ltr'><strong>lte</strong></span> <span class='ocrx_word' id='word_1_130' title='bbox 239 1513 301 1586; x_wconf 79' lang='lat' dir='ltr'><strong>igne</strong></span> <span class='ocrx_word' id='word_1_131' title='bbox 310 1513 475 1586; x_wconf 86' lang='lat' dir='ltr'><strong>telorumque</strong></span> <span class='ocrx_word' id='word_1_132' title='bbox 485 1513 655 1572; x_wconf 84' lang='lat' dir='ltr'><strong>multitudine</strong></span> <span class='ocrx_word' id='word_1_133' title='bbox 664 1516 738 1583; x_wconf 87' lang='lat' dir='ltr'><strong>iacta,</strong></span> <span class='ocrx_word' id='word_1_134' title='bbox 750 1535 837 1589; x_wconf 89' lang='lat' dir='ltr'><strong>quum</strong></span> 
     </span>
     <span class='ocr_line' id='line_1_20' title="bbox 5 1588 834 1662; baseline -0.001 -15"><span class='ocrx_word' id='word_1_135' title='bbox 5 1591 104 1652; x_wconf 70' lang='lat' dir='ltr'><strong>&#39;bene</strong></span> <span class='ocrx_word' id='word_1_136' title='bbox 126 1603 251 1660; x_wconf 82' lang='lat' dir='ltr'><strong>magnam</strong></span> <span class='ocrx_word' id='word_1_137' title='bbox 274 1594 374 1660; x_wconf 86' lang='lat' dir='ltr'><strong>partem</strong></span> <span class='ocrx_word' id='word_1_138' title='bbox 393 1588 464 1642; x_wconf 87' lang='lat' dir='ltr'><strong>muri</strong></span> <span class='ocrx_word' id='word_1_139' title='bbox 483 1590 700 1656; x_wconf 86' lang='lat' dir='ltr'><strong>consumsissent‚</strong></span> <span class='ocrx_word' id='word_1_140' title='bbox 722 1599 834 1662; x_wconf 84' lang='lat' dir='ltr'><strong>portam,</strong></span> 
     </span>
     <span class='ocr_line' id='line_1_21' title="bbox 25 1661 906 1742; baseline 0 -21"><span class='ocrx_word' id='word_1_141' title='bbox 25 1679 131 1742; x_wconf 88' lang='lat' dir='ltr'><strong>quaec</strong></span> <span class='ocrx_word' id='word_1_142' title='bbox 142 1663 247 1734; x_wconf 83' lang='lat' dir='ltr'><strong>regione</strong></span> <span class='ocrx_word' id='word_1_143' title='bbox 262 1668 287 1715; x_wconf 85' lang='lat' dir='ltr'><strong>et</strong></span> <span class='ocrx_word' id='word_1_144' title='bbox 303 1661 330 1715; x_wconf 92' lang='lat' dir='ltr'><strong>in</strong></span> <span class='ocrx_word' id='word_1_145' title='bbox 343 1669 483 1734; x_wconf 89' lang='lat' dir='ltr'><strong>conspectu</strong></span> <span class='ocrx_word' id='word_1_146' title='bbox 495 1663 612 1734; x_wconf 88' lang='lat' dir='ltr'><strong>Pompeii</strong></span> <span class='ocrx_word' id='word_1_147' title='bbox 622 1671 766 1719; x_wconf 83' lang='lat' dir='ltr'><strong>castrorum</strong></span> <span class='ocrx_word' id='word_1_148' title='bbox 780 1665 838 1721; x_wconf 85' lang='lat' dir='ltr'><strong>lue-</strong></span> <span class='ocrx_word' id='word_1_149' title='bbox 899 1721 906 1732; x_wconf 77' lang='grc'>,</span> 
     </span>
     <span class='ocr_line' id='line_1_22' title="bbox 5 1721 838 1809; baseline -0.001 -15"><span class='ocrx_word' id='word_1_150' title='bbox 5 1721 7 1806; x_wconf 55' lang='lat' dir='ltr'>s</span> <span class='ocrx_word' id='word_1_151' title='bbox 25 1749 89 1801; x_wconf 83' lang='lat' dir='ltr'><strong>rat,</strong></span> <span class='ocrx_word' id='word_1_152' title='bbox 114 1742 274 1806; x_wconf 89' lang='lat' dir='ltr'><strong>aperuerunt</strong></span> <span class='ocrx_word' id='word_1_153' title='bbox 292 1735 433 1808; x_wconf 89' lang='lat' dir='ltr'><strong>copiaeque</strong></span> <span class='ocrx_word' id='word_1_154' title='bbox 453 1743 521 1792; x_wconf 84' lang='lat' dir='ltr'><strong>totae</strong></span> <span class='ocrx_word' id='word_1_155' title='bbox 539 1740 703 1809; x_wconf 86' lang='lat' dir='ltr'><strong>eruptionem</strong></span> <span class='ocrx_word' id='word_1_156' title='bbox 721 1738 838 1794; x_wconf 79' lang='lat' dir='ltr'><strong>lecerunt</strong></span> 
     </span>
     <span class='ocr_line' id='line_1_23' title="bbox 5 1809 839 1885; baseline 0.004 -20"><span class='ocrx_word' id='word_1_157' title='bbox 5 1809 7 1828; x_wconf 70' lang='lat'>⁵</span> <span class='ocrx_word' id='word_1_158' title='bbox 26 1825 183 1882; x_wconf 68' lang='lat' dir='ltr'><strong>secumque</strong></span> <span class='ocrx_word' id='word_1_159' title='bbox 193 1809 343 1865; x_wconf 88' lang='lat' dir='ltr'><strong>extulerunt</strong></span> <span class='ocrx_word' id='word_1_160' title='bbox 352 1810 463 1866; x_wconf 85' lang='lat' dir='ltr'><strong>calcatas</strong></span> <span class='ocrx_word' id='word_1_161' title='bbox 483 1811 517 1866; x_wconf 92' lang='lat' dir='ltr'><strong>ad</strong></span> <span class='ocrx_word' id='word_1_162' title='bbox 530 1811 614 1867; x_wconf 78' lang='lat' dir='ltr'><strong>fossas</strong></span> <span class='ocrx_word' id='word_1_163' title='bbox 629 1813 798 1885; x_wconf 89' lang='lat' dir='ltr'><strong>complendas</strong></span> <span class='ocrx_word' id='word_1_164' title='bbox 813 1821 839 1868; x_wconf 91' lang='lat' dir='ltr'><strong>ct</strong></span> 
     </span>
     <span class='ocr_line' id='line_1_24' title="bbox 6 1883 838 1958; baseline -0.001 -15"><span class='ocrx_word' id='word_1_165' title='bbox 6 1895 203 1958; x_wconf 61' lang='lat' dir='ltr'><strong>,harpagones</strong></span> <span class='ocrx_word' id='word_1_166' title='bbox 228 1883 261 1939; x_wconf 92' lang='lat' dir='ltr'><strong>ad</strong></span> <span class='ocrx_word' id='word_1_167' title='bbox 284 1901 366 1950; x_wconf 83' lang='lat' dir='ltr'><strong>casas,</strong></span> <span class='ocrx_word' id='word_1_168' title='bbox 390 1901 459 1956; x_wconf 91' lang='lat' dir='ltr'><strong>quae</strong></span> <span class='ocrx_word' id='word_1_169' title='bbox 480 1887 666 1942; x_wconf 87' lang='lat' dir='ltr'><strong>stramentitiae</strong></span> <span class='ocrx_word' id='word_1_170' title='bbox 689 1887 838 1944; x_wconf 87' lang='lat' dir='ltr'><strong>abnostris</strong></span> 
     </span>
     <span class='ocr_line' id='line_1_25' title="bbox 5 1959 838 2026; baseline -0.006 -4"><span class='ocrx_word' id='word_1_171' title='bbox 5 1961 7 1974; x_wconf 78' lang='lat'><em>&#39;</em></span> <span class='ocrx_word' id='word_1_172' title='bbox 26 1965 210 2022; x_wconf 88' lang='lat' dir='ltr'><strong>hibernorum</strong></span> <span class='ocrx_word' id='word_1_173' title='bbox 224 1975 317 2014; x_wconf 88' lang='lat' dir='ltr'><strong>caussa</strong></span> <span class='ocrx_word' id='word_1_174' title='bbox 336 1959 485 2016; x_wconf 83' lang='lat' dir='ltr'><strong>aedificatae</strong></span> <span class='ocrx_word' id='word_1_175' title='bbox 497 1968 579 2026; x_wconf 87' lang='lat' dir='ltr'><strong>erant,</strong></span> <span class='ocrx_word' id='word_1_176' title='bbox 600 1961 742 2018; x_wconf 84' lang='lat' dir='ltr'><strong>diruendas</strong></span> <span class='ocrx_word' id='word_1_177' title='bbox 757 1971 782 2018; x_wconf 91' lang='lat' dir='ltr'><strong>et</strong></span> <span class='ocrx_word' id='word_1_178' title='bbox 796 1963 838 2017; x_wconf 92' lang='lat' dir='ltr'><strong>in·</strong></span> 
     </span>
     <span class='ocr_line' id='line_1_26' title="bbox 5 2033 838 2108; baseline 0 -16"><span class='ocrx_word' id='word_1_179' title='bbox 5 2043 7 2106; x_wconf 51' lang='lat' dir='ltr'><em>g</em></span> <span class='ocrx_word' id='word_1_180' title='bbox 26 2033 197 2102; x_wconf 54' lang='lat' dir='ltr'><strong>condendam</strong></span> <span class='ocrx_word' id='word_1_181' title='bbox 218 2042 348 2105; x_wconf 87' lang='lat' dir='ltr'><strong>praeterea</strong></span> <span class='ocrx_word' id='word_1_182' title='bbox 360 2042 497 2108; x_wconf 81' lang='lat' dir='ltr'><strong>argentum</strong></span> <span class='ocrx_word' id='word_1_183' title='bbox 509 2041 534 2090; x_wconf 93' lang='lat' dir='ltr'><strong>et</strong></span> <span class='ocrx_word' id='word_1_184' title='bbox 544 2037 707 2102; x_wconf 87' lang='lat' dir='ltr'><strong>vestimenta,</strong></span> <span class='ocrx_word' id='word_1_185' title='bbox 720 2044 759 2103; x_wconf 90' lang='lat' dir='ltr'><strong>ut,</strong></span> <span class='ocrx_word' id='word_1_186' title='bbox 771 2037 838 2092; x_wconf 91' lang='lat' dir='ltr'><strong>dum</strong></span> 
     </span>
     <span class='ocr_line' id='line_1_27' title="bbox 5 2107 838 2184; baseline 0 -17"><span class='ocrx_word' id='word_1_187' title='bbox 5 2107 7 2180; x_wconf 67' lang='grc' dir='ltr'><strong>ἶ</strong></span> <span class='ocrx_word' id='word_1_188' title='bbox 29 2109 120 2170; x_wconf 88' lang='lat' dir='ltr'><strong>nostri</strong></span> <span class='ocrx_word' id='word_1_189' title='bbox 131 2109 159 2162; x_wconf 91' lang='lat' dir='ltr'><strong>in</strong></span> <span class='ocrx_word' id='word_1_190' title='bbox 169 2107 265 2179; x_wconf 86' lang='lat' dir='ltr'><strong>praeda</strong></span> <span class='ocrx_word' id='word_1_191' title='bbox 273 2108 461 2175; x_wconf 83' lang='lat' dir='ltr'><strong>detinerentur,</strong></span> <span class='ocrx_word' id='word_1_192' title='bbox 476 2109 525 2176; x_wconf 86' lang='lat' dir='ltr'><strong>illi,</strong></span> <span class='ocrx_word' id='word_1_193' title='bbox 540 2107 616 2166; x_wconf 87' lang='lat' dir='ltr'><strong>caede</strong></span> <span class='ocrx_word' id='word_1_194' title='bbox 626 2109 700 2176; x_wconf 83' lang='lat' dir='ltr'><strong>facta,</strong></span> <span class='ocrx_word' id='word_1_195' title='bbox 718 2112 751 2166; x_wconf 91' lang='lat' dir='ltr'><strong>ad</strong></span> <span class='ocrx_word' id='word_1_196' title='bbox 762 2129 838 2184; x_wconf 87' lang='lat' dir='ltr'><strong>prae-</strong></span> 
     </span>
     <span class='ocr_line' id='line_1_28' title="bbox 29 2183 835 2258; baseline 0.001 -19"><span class='ocrx_word' id='word_1_197' title='bbox 29 2183 106 2242; x_wconf 88' lang='lat' dir='ltr'><strong>sidia</strong></span> <span class='ocrx_word' id='word_1_198' title='bbox 122 2183 238 2252; x_wconf 85' lang='lat' dir='ltr'><strong>Pompeii</strong></span> <span class='ocrx_word' id='word_1_199' title='bbox 257 2201 286 2238; x_wconf 90' lang='lat' dir='ltr'><strong>se</strong></span> <span class='ocrx_word' id='word_1_200' title='bbox 298 2185 456 2256; x_wconf 79' lang='lat' dir='ltr'><strong>reciperent:</strong></span> <span class='ocrx_word' id='word_1_201' title='bbox 477 2201 549 2249; x_wconf 83' lang='lat' dir='ltr'><strong>narn,</strong></span> <span class='ocrx_word' id='word_1_202' title='bbox 570 2185 644 2258; x_wconf 88' lang='lat' dir='ltr'><strong>quod</strong></span> <span class='ocrx_word' id='word_1_203' title='bbox 658 2187 835 2248; x_wconf 83' lang='lat' dir='ltr'><strong>existimabat,</strong></span> 
     </span>
     <span class='ocr_line' id='line_1_29' title="bbox 5 2257 837 2326; baseline 0.004 -15"><span class='ocrx_word' id='word_1_204' title='bbox 5 2311 6 2314; x_wconf 71' lang='grc'>,</span> <span class='ocrx_word' id='word_1_205' title='bbox 29 2276 80 2316; x_wconf 82' lang='lat' dir='ltr'><strong>oos</strong></span> <span class='ocrx_word' id='word_1_206' title='bbox 91 2263 299 2326; x_wconf 89' lang='lat' dir='ltr'><strong>posseccnatum</strong></span> <span class='ocrx_word' id='word_1_207' title='bbox 310 2257 419 2322; x_wconf 83' lang='lat' dir='ltr'><strong>efficere,</strong></span> <span class='ocrx_word' id='word_1_208' title='bbox 438 2266 513 2314; x_wconf 87' lang='lat' dir='ltr'><strong>nocte</strong></span> <span class='ocrx_word' id='word_1_209' title='bbox 524 2266 576 2314; x_wconf 90' lang='lat' dir='ltr'><strong>tota</strong></span> <span class='ocrx_word' id='word_1_210' title='bbox 591 2260 658 2315; x_wconf 88' lang='lat' dir='ltr'><strong>ultra</strong></span> <span class='ocrx_word' id='word_1_211' title='bbox 673 2261 728 2314; x_wconf 85' lang='lat' dir='ltr'><strong>ibat</strong></span> <span class='ocrx_word' id='word_1_212' title='bbox 738 2259 837 2314; x_wconf 79' lang='lat' dir='ltr'><strong>flumen</strong></span> 
     </span>
     <span class='ocr_line' id='line_1_30' title="bbox 29 2329 839 2405; baseline -0.004 -15"><span class='ocrx_word' id='word_1_213' title='bbox 29 2331 146 2390; x_wconf 87' lang='lat' dir='ltr'><strong>Salsum</strong></span> <span class='ocrx_word' id='word_1_214' title='bbox 155 2329 184 2382; x_wconf 91' lang='lat' dir='ltr'><strong>in</strong></span> <span class='ocrx_word' id='word_1_215' title='bbox 195 2330 257 2384; x_wconf 87' lang='lat' dir='ltr'><strong>acie.</strong></span> <span class='ocrx_word' id='word_1_216' title='bbox 277 2331 353 2397; x_wconf 89' lang='lat' dir='ltr'><strong>Quod</strong></span> <span class='ocrx_word' id='word_1_217' title='bbox 364 2331 462 2388; x_wconf 83' lang='lat' dir='ltr'><strong>lectum</strong></span> <span class='ocrx_word' id='word_1_218' title='bbox 474 2332 533 2388; x_wconf 81' lang='lat' dir='ltr'><strong>licet</strong></span> <span class='ocrx_word' id='word_1_219' title='bbox 547 2351 594 2388; x_wconf 88' lang='lat' dir='ltr'><strong>nec</strong></span> <span class='ocrx_word' id='word_1_220' title='bbox 607 2333 778 2405; x_wconf 86' lang='lat' dir='ltr'><strong>opinantibus</strong></span> <span class='ocrx_word' id='word_1_221' title='bbox 791 2349 839 2388; x_wconf 91' lang='lat' dir='ltr'><strong>no-</strong></span> 
     </span>
     <span class='ocr_line' id='line_1_31' title="bbox 29 2405 839 2479; baseline -0.005 -15"><span class='ocrx_word' id='word_1_222' title='bbox 29 2405 100 2464; x_wconf 89' lang='lat' dir='ltr'><strong>stris</strong></span> <span class='ocrx_word' id='word_1_223' title='bbox 111 2407 180 2456; x_wconf 90' lang='lat' dir='ltr'><strong>esset</strong></span> <span class='ocrx_word' id='word_1_224' title='bbox 189 2409 302 2474; x_wconf 82' lang='lat' dir='ltr'><strong>gestum,</strong></span> <span class='ocrx_word' id='word_1_225' title='bbox 314 2411 410 2472; x_wconf 82' lang='lat' dir='ltr'><strong>tamen,</strong></span> <span class='ocrx_word' id='word_1_226' title='bbox 423 2408 520 2463; x_wconf 83' lang='lat' dir='ltr'><strong>virtute</strong></span> <span class='ocrx_word' id='word_1_227' title='bbox 530 2407 722 2479; x_wconf 85' lang='lat' dir='ltr'><strong>freti,repulsos</strong></span> <span class='ocrx_word' id='word_1_228' title='bbox 732 2405 839 2461; x_wconf 88' lang='lat' dir='ltr'><strong>multis-</strong></span> 
     </span>
    </p>
   </div>
   <div class='ocr_carea' id='block_1_3' title="bbox 31 2443 1017 2558">
    <p class='ocr_par' dir='ltr' id='par_1_3' title="bbox 31 2443 1017 2558">
     <span class='ocr_line' id='line_1_32' title="bbox 31 2443 1017 2558; baseline -0.008 -23"><span class='ocrx_word' id='word_1_229' title='bbox 31 2497 90 2554; x_wconf 89' lang='lat' dir='ltr'><strong>que</strong></span> <span class='ocrx_word' id='word_1_230' title='bbox 103 2475 261 2530; x_wconf 89' lang='lat' dir='ltr'><strong>vulneribus</strong></span> <span class='ocrx_word' id='word_1_231' title='bbox 271 2477 382 2534; x_wconf 82' lang='lat' dir='ltr'><strong>adiectos</strong></span> <span class='ocrx_word' id='word_1_232' title='bbox 392 2481 489 2552; x_wconf 86' lang='lat' dir='ltr'><strong>oppido</strong></span> <span class='ocrx_word' id='word_1_233' title='bbox 499 2488 679 2552; x_wconf 82' lang='lat' dir='ltr'><strong>represserunt</strong></span> <span class='ocrx_word' id='word_1_234' title='bbox 688 2479 839 2553; x_wconf 84' lang='lat' dir='ltr'><strong>praedaque</strong></span> <span class='ocrx_word' id='word_1_235' title='bbox 937 2541 948 2558; x_wconf 29' lang='grc' dir='ltr'>ἱ</span> <span class='ocrx_word' id='word_1_236' title='bbox 1016 2443 1017 2506; x_wconf 40' lang='grc' dir='ltr'>Ῐ</span> 
     </span>
    </p>
   </div>
   <div class='ocr_carea' id='block_1_4' title="bbox 31 2551 840 2706">
    <p class='ocr_par' dir='ltr' id='par_1_4' title="bbox 31 2551 840 2706">
     <span class='ocr_line' id='line_1_33' title="bbox 31 2551 836 2628; baseline -0.002 -17"><span class='ocrx_word' id='word_1_237' title='bbox 31 2564 58 2611; x_wconf 92' lang='lat' dir='ltr'><strong>et</strong></span> <span class='ocrx_word' id='word_1_238' title='bbox 70 2551 155 2608; x_wconf 84' lang='lat' dir='ltr'><strong>armis</strong></span> <span class='ocrx_word' id='word_1_239' title='bbox 169 2566 262 2624; x_wconf 80' lang='lat' dir='ltr'><strong>eorum</strong></span> <span class='ocrx_word' id='word_1_240' title='bbox 278 2560 340 2606; x_wconf 89' lang='lat' dir='ltr'><strong>sunt</strong></span> <span class='ocrx_word' id='word_1_241' title='bbox 354 2555 428 2624; x_wconf 88' lang='lat' dir='ltr'><strong>potiti</strong></span> <span class='ocrx_word' id='word_1_242' title='bbox 442 2556 572 2628; x_wconf 87' lang='lat' dir='ltr'><strong>vivosque</strong></span> <span class='ocrx_word' id='word_1_243' title='bbox 586 2555 689 2628; x_wconf 81' lang='lat' dir='ltr'><strong>aliquos</strong></span> <span class='ocrx_word' id='word_1_244' title='bbox 702 2563 836 2627; x_wconf 80' lang='lat' dir='ltr'><strong>ceperunt,</strong></span> 
     </span>
     <span class='ocr_line' id='line_1_34' title="bbox 32 2623 840 2706; baseline 0.005 -23"><span class='ocrx_word' id='word_1_245' title='bbox 32 2629 84 2702; x_wconf 87' lang='lat' dir='ltr'><strong>qui</strong></span> <span class='ocrx_word' id='word_1_246' title='bbox 108 2631 213 2699; x_wconf 86' lang='lat' dir='ltr'><strong>postero</strong></span> <span class='ocrx_word' id='word_1_247' title='bbox 235 2623 278 2680; x_wconf 90' lang='lat' dir='ltr'><strong>die</strong></span> <span class='ocrx_word' id='word_1_248' title='bbox 299 2635 362 2683; x_wconf 88' lang='lat' dir='ltr'><strong>sunt</strong></span> <span class='ocrx_word' id='word_1_249' title='bbox 383 2628 519 2688; x_wconf 88' lang='lat' dir='ltr'><strong>interlecti.</strong></span> <span class='ocrx_word' id='word_1_250' title='bbox 551 2630 705 2705; x_wconf 88' lang='lat' dir='ltr'><strong>Eodemque</strong></span> <span class='ocrx_word' id='word_1_251' title='bbox 723 2637 840 2706; x_wconf 88' lang='lat' dir='ltr'><strong>tempore</strong></span> 
     </span>
    </p>
   </div>
   <div class='ocr_carea' id='block_1_5' title="bbox 0 0 1033 2992">
    <p class='ocr_par' dir='ltr' id='par_1_5' title="bbox 0 0 1033 2992">
     <span class='ocr_line' id='line_1_35' title="bbox 0 0 1033 2992; baseline 0 0"><span class='ocrx_word' id='word_1_252' title='bbox 0 0 1033 2992; x_wconf 95' lang='lat' dir='ltr'><strong> </strong></span> 
     </span>
    </p>
   </div>
  </div>
 </body>
</html>
