<?xml version="1.0" encoding="UTF-8"?>
<!DOCTYPE html PUBLIC "-//W3C//DTD XHTML 1.0 Transitional//EN"
    "http://www.w3.org/TR/xhtml1/DTD/xhtml1-transitional.dtd">
<html xmlns="http://www.w3.org/1999/xhtml" xml:lang="en" lang="en">
 <head>
  <title>
</title>
<meta http-equiv="Content-Type" content="text/html;charset=utf-8" />
  <meta name='ocr-system' content='tesseract 3.04.00' />
  <meta name='ocr-capabilities' content='ocr_page ocr_carea ocr_par ocr_line ocrx_word'/>
</head>
<body>
  <div class='ocr_page' id='page_1' title='image "./ciuliicaesarisc04caesgoog_0162.png"; bbox 0 0 2072 2998; ppageno 0'>
   <div class='ocr_carea' id='block_1_1' title="bbox 278 155 847 212">
    <p class='ocr_par' dir='ltr' id='par_1_1' title="bbox 278 155 847 212">
     <span class='ocr_line' id='line_1_1' title="bbox 278 155 847 212; baseline 0.011 -8"><span class='ocrx_word' id='word_1_1' title='bbox 278 158 347 204; x_wconf 75' lang='lat' dir='ltr'>um.</span> <span class='ocrx_word' id='word_1_2' title='bbox 360 159 416 206; x_wconf 84' lang='grc' dir='ltr'>ΠΙ.</span> <span class='ocrx_word' id='word_1_3' title='bbox 446 161 527 208; x_wconf 75' lang='grc' dir='ltr'><strong>ΟΑΡ.</strong></span> <span class='ocrx_word' id='word_1_4' title='bbox 541 161 581 209; x_wconf 80' lang='lat' dir='ltr'>tt.</span> <span class='ocrx_word' id='word_1_5' title='bbox 595 163 635 212; x_wconf 80' lang='lat' dir='ltr'>tt.</span> <span class='ocrx_word' id='word_1_6' title='bbox 801 155 847 210; x_wconf 80' lang='lat' dir='ltr'>l57</span> 
     </span>
    </p>
   </div>
   <div class='ocr_carea' id='block_1_2' title="bbox 25 255 866 2270">
    <p class='ocr_par' dir='ltr' id='par_1_2' title="bbox 25 255 866 2270">
     <span class='ocr_line' id='line_1_2' title="bbox 47 255 849 334; baseline 0.007 -22"><span class='ocrx_word' id='word_1_7' title='bbox 47 255 203 313; x_wconf 84' lang='lat' dir='ltr'>viodunum</span> <span class='ocrx_word' id='word_1_8' title='bbox 212 273 370 332; x_wconf 77' lang='lat' dir='ltr'>oppugnare</span> <span class='ocrx_word' id='word_1_9' title='bbox 377 258 532 317; x_wconf 71' lang='lat' dir='ltr'>instituerat.</span> <span class='ocrx_word' id='word_1_10' title='bbox 552 259 757 334; x_wconf 77' lang='lat' dir='ltr'>Qnoex&#39;cppido</span> <span class='ocrx_word' id='word_1_11' title='bbox 764 277 849 334; x_wconf 84' lang='lat' dir='ltr'>quum</span> 
     </span>
     <span class='ocr_line' id='line_1_3' title="bbox 51 331 847 409; baseline 0.008 -23"><span class='ocrx_word' id='word_1_12' title='bbox 51 331 132 405; x_wconf 79' lang='lat' dir='ltr'>legati</span> <span class='ocrx_word' id='word_1_13' title='bbox 149 331 185 387; x_wconf 91' lang='lat' dir='ltr'>ad</span> <span class='ocrx_word' id='word_1_14' title='bbox 200 349 266 388; x_wconf 88' lang='lat' dir='ltr'>eum</span> <span class='ocrx_word' id='word_1_15' title='bbox 285 332 427 400; x_wconf 72' lang='lat' dir='ltr'>aemesam,</span> <span class='ocrx_word' id='word_1_16' title='bbox 446 344 558 401; x_wconf 88' lang='lat' dir='ltr'>oratum,</span> <span class='ocrx_word' id='word_1_17' title='bbox 579 344 610 391; x_wconf 91' lang='lat' dir='ltr'>ut</span> <span class='ocrx_word' id='word_1_18' title='bbox 626 335 678 391; x_wconf 91' lang='lat' dir='ltr'>sibi</span> <span class='ocrx_word' id='word_1_19' title='bbox 695 335 847 409; x_wconf 78' lang='lat' dir='ltr'>ignosceret,</span> 
     </span>
     <span class='ocr_line' id='line_1_4' title="bbox 48 405 849 538; baseline 0.005 -77"><span class='ocrx_word' id='word_1_20' title='bbox 48 405 419 536; x_wconf 54' lang='lat' dir='ltr'>zwevmeponsuleran</span> <span class='ocrx_word' id='word_1_21' title='bbox 429 409 728 538; x_wconf 65' lang='lat' dir='ltr'>tutceleritatereliquas</span> <span class='ocrx_word' id='word_1_22' title='bbox 737 425 849 537; x_wconf 56' lang='lat' dir='ltr'>reascen-</span> 
     </span>
     <span class='ocr_line' id='line_1_5' title="bbox 25 492 849 628; baseline 0.005 -18"><span class='ocrx_word' id='word_1_23' title='bbox 25 525 29 542; x_wconf 89' lang='grc'><strong><em>·</em></strong></span> <span class='ocrx_word' id='word_1_24' title='bbox 45 492 714 628; x_wconf 56' lang='lat' dir='ltr'>,ue’edtt‘ttt‘uttttttttl</span> <span class='ocrx_word' id='word_1_25' title='bbox 724 499 849 614; x_wconf 68' lang='lat' dir='ltr'>todi</span> 
     </span>
     <span class='ocr_line' id='line_1_6' title="bbox 44 628 849 702; baseline 0.001 -16"><span class='ocrx_word' id='word_1_26' title='bbox 44 629 191 694; x_wconf 71' lang='lat' dir='ltr'>transilita,</span> <span class='ocrx_word' id='word_1_27' title='bbox 208 645 297 701; x_wconf 87' lang='lat' dir='ltr'>quum</span> <span class='ocrx_word' id='word_1_28' title='bbox 305 628 406 702; x_wconf 86' lang='lat' dir='ltr'>reliqua</span> <span class='ocrx_word' id='word_1_29' title='bbox 420 631 671 700; x_wconf 78' lang='lat' dir='ltr'>administrarentur,</span> <span class='ocrx_word' id='word_1_30' title='bbox 691 633 849 689; x_wconf 69' lang='lat' dir='ltr'>maturiori-</span> 
     </span>
     <span class='ocr_line' id='line_1_7' title="bbox 45 703 849 780; baseline 0.002 -20"><span class='ocrx_word' id='word_1_31' title='bbox 45 707 140 760; x_wconf 88' lang='lat' dir='ltr'>buset</span> <span class='ocrx_word' id='word_1_32' title='bbox 150 704 248 775; x_wconf 78' lang='lat' dir='ltr'>paucis</span> <span class='ocrx_word' id='word_1_33' title='bbox 260 703 392 760; x_wconf 79' lang='lat' dir='ltr'>militibus</span> <span class='ocrx_word' id='word_1_34' title='bbox 406 706 572 770; x_wconf 83' lang='lat' dir='ltr'>intromissis,</span> <span class='ocrx_word' id='word_1_35' title='bbox 594 708 641 780; x_wconf 90' lang='lat' dir='ltr'>qui</span> <span class='ocrx_word' id='word_1_36' title='bbox 655 726 728 764; x_wconf 86' lang='lat' dir='ltr'>arma</span> <span class='ocrx_word' id='word_1_37' title='bbox 746 708 849 763; x_wconf 86' lang='lat' dir='ltr'>iumen-</span> 
     </span>
     <span class='ocr_line' id='line_1_8' title="bbox 46 777 847 855; baseline 0.002 -19"><span class='ocrx_word' id='word_1_38' title='bbox 46 777 339 852; x_wconf 82' lang='lat' dir='ltr'>taqucconquirereut,</span> <span class='ocrx_word' id='word_1_39' title='bbox 351 780 482 851; x_wconf 79' lang='lat' dir='ltr'>equitatus</span> <span class='ocrx_word' id='word_1_40' title='bbox 491 780 607 837; x_wconf 85' lang='lat' dir='ltr'>bostium</span> <span class='ocrx_word' id='word_1_41' title='bbox 616 782 706 855; x_wconf 86' lang='lat' dir='ltr'>procul</span> <span class='ocrx_word' id='word_1_42' title='bbox 715 783 789 838; x_wconf 82' lang='lat' dir='ltr'>visus</span> <span class='ocrx_word' id='word_1_43' title='bbox 798 791 847 848; x_wconf 79' lang='lat' dir='ltr'>est,</span> 
     </span>
     <span class='ocr_line' id='line_1_9' title="bbox 47 852 866 928; baseline 0.01 -22"><span class='ocrx_word' id='word_1_44' title='bbox 47 855 97 927; x_wconf 86' lang='lat' dir='ltr'>qui</span> <span class='ocrx_word' id='word_1_45' title='bbox 117 869 218 926; x_wconf 80' lang='lat' dir='ltr'>agmen</span> <span class='ocrx_word' id='word_1_46' title='bbox 233 853 452 928; x_wconf 76' lang='lat' dir='ltr'>Vercingetorigis</span> <span class='ocrx_word' id='word_1_47' title='bbox 470 859 646 912; x_wconf 62' lang='lat' dir='ltr'>autscw&#39;rat.</span> <span class='ocrx_word' id='word_1_48' title='bbox 664 856 749 924; x_wconf 78' lang='grc' dir='ltr'><strong>Οιιοιιι</strong></span> <span class='ocrx_word' id='word_1_49' title='bbox 765 852 866 916; x_wconf 54' lang='lat' dir='ltr'>&#39;simu-</span> 
     </span>
     <span class='ocr_line' id='line_1_10' title="bbox 46 925 850 1003; baseline 0.002 -18"><span class='ocrx_word' id='word_1_50' title='bbox 46 929 141 1000; x_wconf 87' lang='lat' dir='ltr'>latque</span> <span class='ocrx_word' id='word_1_51' title='bbox 147 925 281 999; x_wconf 89' lang='lat' dir='ltr'>oppidani</span> <span class='ocrx_word' id='word_1_52' title='bbox 289 937 480 999; x_wconf 81' lang='lat' dir='ltr'>conspexerunt</span> <span class='ocrx_word' id='word_1_53' title='bbox 489 939 567 1002; x_wconf 88' lang='lat' dir='ltr'>atque</span> <span class='ocrx_word' id='word_1_54' title='bbox 574 931 604 986; x_wconf 91' lang='lat' dir='ltr'>in</span> <span class='ocrx_word' id='word_1_55' title='bbox 613 949 686 1003; x_wconf 88' lang='lat' dir='ltr'>spem</span> <span class='ocrx_word' id='word_1_56' title='bbox 697 931 790 988; x_wconf 79' lang='lat' dir='ltr'>auxilii</span> <span class='ocrx_word' id='word_1_57' title='bbox 803 949 850 987; x_wconf 87' lang='lat' dir='ltr'>ve·</span> 
     </span>
     <span class='ocr_line' id='line_1_11' title="bbox 46 1000 846 1077; baseline 0 -16"><span class='ocrx_word' id='word_1_58' title='bbox 46 1009 163 1061; x_wconf 86' lang='lat' dir='ltr'>nerunt:</span> <span class='ocrx_word' id='word_1_59' title='bbox 185 1000 300 1058; x_wconf 85' lang='lat' dir='ltr'>clamore</span> <span class='ocrx_word' id='word_1_60' title='bbox 312 1001 416 1058; x_wconf 86' lang='lat' dir='ltr'>sublate</span> <span class='ocrx_word' id='word_1_61' title='bbox 426 1021 499 1059; x_wconf 88' lang='lat' dir='ltr'>arma</span> <span class='ocrx_word' id='word_1_62' title='bbox 507 1021 606 1075; x_wconf 85' lang='lat' dir='ltr'>capere,</span> <span class='ocrx_word' id='word_1_63' title='bbox 620 1014 706 1077; x_wconf 84' lang='lat' dir='ltr'>portae</span> <span class='ocrx_word' id='word_1_64' title='bbox 718 1006 846 1071; x_wconf 80' lang='lat' dir='ltr'>claudere,</span> 
     </span>
     <span class='ocr_line' id='line_1_12' title="bbox 45 1075 850 1154; baseline 0.002 -20"><span class='ocrx_word' id='word_1_65' title='bbox 45 1094 164 1134; x_wconf 89' lang='lat' dir='ltr'>murum</span> <span class='ocrx_word' id='word_1_66' title='bbox 186 1075 319 1148; x_wconf 84' lang='lat' dir='ltr'>complere</span> <span class='ocrx_word' id='word_1_67' title='bbox 339 1085 486 1152; x_wconf 81' lang='lat' dir='ltr'>coeperunt.</span> <span class='ocrx_word' id='word_1_68' title='bbox 517 1079 686 1136; x_wconf 74' lang='lat' dir='ltr'>Centuriones</span> <span class='ocrx_word' id='word_1_69' title='bbox 707 1081 736 1136; x_wconf 87' lang='lat' dir='ltr'>in</span> <span class='ocrx_word' id='word_1_70' title='bbox 753 1081 850 1154; x_wconf 87' lang='lat' dir='ltr'>oppido</span> 
     </span>
     <span class='ocr_line' id='line_1_13' title="bbox 45 1149 848 1226; baseline -0.001 -16"><span class='ocrx_word' id='word_1_71' title='bbox 45 1167 185 1226; x_wconf 80' lang='lat' dir='ltr'>quumex</span> <span class='ocrx_word' id='word_1_72' title='bbox 197 1149 390 1224; x_wconf 81' lang='lat' dir='ltr'>significatione</span> <span class='ocrx_word' id='word_1_73' title='bbox 404 1150 538 1208; x_wconf 77' lang='lat' dir='ltr'>Gallorum</span> <span class='ocrx_word' id='word_1_74' title='bbox 558 1154 619 1209; x_wconf 79' lang='lat' dir='ltr'>novi</span> <span class='ocrx_word' id='word_1_75' title='bbox 635 1153 737 1226; x_wconf 87' lang='lat' dir='ltr'>aliquid</span> <span class='ocrx_word' id='word_1_76' title='bbox 754 1155 788 1211; x_wconf 88' lang='lat' dir='ltr'>ab</span> <span class='ocrx_word' id='word_1_77' title='bbox 806 1155 848 1210; x_wconf 88' lang='lat' dir='ltr'>his</span> 
     </span>
     <span class='ocr_line' id='line_1_14' title="bbox 46 1224 849 1301; baseline 0.002 -18"><span class='ocrx_word' id='word_1_78' title='bbox 46 1227 116 1284; x_wconf 84' lang='lat' dir='ltr'>iniri</span> <span class='ocrx_word' id='word_1_79' title='bbox 130 1224 236 1288; x_wconf 83' lang='lat' dir='ltr'>omreilii</span> <span class='ocrx_word' id='word_1_80' title='bbox 248 1224 447 1293; x_wconf 77' lang='lat' dir='ltr'>intellexissent,</span> <span class='ocrx_word' id='word_1_81' title='bbox 467 1227 563 1300; x_wconf 81' lang='lat' dir='ltr'>gladiis</span> <span class='ocrx_word' id='word_1_82' title='bbox 574 1228 702 1283; x_wconf 81' lang='lat' dir='ltr'>destrictis</span> <span class='ocrx_word' id='word_1_83' title='bbox 711 1239 797 1301; x_wconf 86' lang='lat' dir='ltr'>portas</span> <span class='ocrx_word' id='word_1_84' title='bbox 806 1247 849 1285; x_wconf 85' lang='lat' dir='ltr'>oo-</span> 
     </span>
     <span class='ocr_line' id='line_1_15' title="bbox 47 1301 849 1447; baseline 0.005 -18"><span class='ocrx_word' id='word_1_85' title='bbox 47 1301 766 1447; x_wconf 51' lang='lat' dir='ltr'>wtidttttttttitutttttubbtt</span> <span class='ocrx_word' id='word_1_86' title='bbox 792 1394 849 1432; x_wconf 62' lang='lat' dir='ltr'>m</span> 
     </span>
     <span class='ocr_line' id='line_1_16' title="bbox 46 1395 849 1522; baseline -0.002 -14"><span class='ocrx_word' id='word_1_87' title='bbox 46 1452 180 1521; x_wconf 74' lang='lat' dir='ltr'>liumque</span> <span class='ocrx_word' id='word_1_88' title='bbox 196 1457 317 1522; x_wconf 84' lang='lat' dir='ltr'>equestre</span> <span class='ocrx_word' id='word_1_89' title='bbox 337 1449 489 1509; x_wconf 77' lang='lat' dir='ltr'>committit:</span> <span class='ocrx_word' id='word_1_90' title='bbox 519 1449 696 1506; x_wconf 85' lang='lat' dir='ltr'>laborantibus</span> <span class='ocrx_word' id='word_1_91' title='bbox 718 1395 849 1506; x_wconf 71' lang='lat' dir='ltr'>lampenis</span> 
     </span>
     <span class='ocr_line' id='line_1_17' title="bbox 46 1523 850 1596; baseline -0.001 -17"><span class='ocrx_word' id='word_1_92' title='bbox 46 1527 203 1584; x_wconf 69' lang='lat' dir='ltr'>Ger-marm</span> <span class='ocrx_word' id='word_1_93' title='bbox 211 1523 315 1596; x_wconf 85' lang='lat' dir='ltr'>equites</span> <span class='ocrx_word' id='word_1_94' title='bbox 324 1523 424 1578; x_wconf 83' lang='lat' dir='ltr'>circiter</span> <span class='ocrx_word' id='word_1_95' title='bbox 434 1525 517 1582; x_wconf 85' lang='lat' dir='ltr'>CCCC</span> <span class='ocrx_word' id='word_1_96' title='bbox 528 1525 668 1592; x_wconf 79' lang='lat' dir='ltr'>submittit,</span> <span class='ocrx_word' id='word_1_97' title='bbox 680 1541 746 1596; x_wconf 88' lang='lat' dir='ltr'>quos</span> <span class='ocrx_word' id='word_1_98' title='bbox 756 1524 789 1580; x_wconf 90' lang='lat' dir='ltr'>ab</span> <span class='ocrx_word' id='word_1_99' title='bbox 799 1525 850 1578; x_wconf 88' lang='lat' dir='ltr'>ini-</span> 
     </span>
     <span class='ocr_line' id='line_1_18' title="bbox 44 1597 851 1727; baseline -0.007 -70"><span class='ocrx_word' id='word_1_100' title='bbox 44 1603 86 1687; x_wconf 78' lang='lat' dir='ltr'>tio</span> <span class='ocrx_word' id='word_1_101' title='bbox 96 1615 192 1656; x_wconf 72' lang='lat' dir='ltr'>oecum</span> <span class='ocrx_word' id='word_1_102' title='bbox 201 1598 299 1668; x_wconf 82' lang='lat' dir='ltr'>hebere</span> <span class='ocrx_word' id='word_1_103' title='bbox 309 1597 465 1654; x_wconf 86' lang='lat' dir='ltr'>instituerat.</span> <span class='ocrx_word' id='word_1_104' title='bbox 481 1599 583 1727; x_wconf 60' lang='lat' dir='ltr'><strong>.E⁰f¹¹¹m</strong></span> <span class='ocrx_word' id='word_1_105' title='bbox 593 1597 851 1727; x_wconf 49' lang='lat' dir='ltr'>impelumffl&#39;liff&#39;</span> 
     </span>
     <span class='ocr_line' id='line_1_19' title="bbox 46 1679 850 1821; baseline -0.006 -16"><span class='ocrx_word' id='word_1_106' title='bbox 46 1685 225 1811; x_wconf 59' lang='lat' dir='ltr'>{butt</span> <span class='ocrx_word' id='word_1_107' title='bbox 237 1679 381 1820; x_wconf 58' lang='lat' dir='ltr'>digiti</span> <span class='ocrx_word' id='word_1_108' title='bbox 391 1679 850 1821; x_wconf 57' lang='lat' dir='ltr'>tbbtn&#39;ttttttbttt</span> 
     </span>
     <span class='ocr_line' id='line_1_20' title="bbox 49 1821 849 1894; baseline -0.003 -16"><span class='ocrx_word' id='word_1_109' title='bbox 49 1837 151 1878; x_wconf 80' lang='lat' dir='ltr'>rursus</span> <span class='ocrx_word' id='word_1_110' title='bbox 167 1821 294 1894; x_wconf 84' lang='lat' dir='ltr'>oppidani</span> <span class='ocrx_word' id='word_1_111' title='bbox 312 1821 439 1892; x_wconf 87' lang='lat' dir='ltr'>perterriti</span> <span class='ocrx_word' id='word_1_112' title='bbox 451 1823 651 1894; x_wconf 83' lang='lat' dir='ltr'>comprehensos</span> <span class='ocrx_word' id='word_1_113' title='bbox 663 1839 716 1889; x_wconf 89' lang='lat' dir='ltr'>ees,</span> <span class='ocrx_word' id='word_1_114' title='bbox 736 1838 849 1894; x_wconf 88' lang='lat' dir='ltr'>quorum</span> 
     </span>
     <span class='ocr_line' id='line_1_21' title="bbox 48 1895 850 1971; baseline 0.001 -20"><span class='ocrx_word' id='word_1_115' title='bbox 48 1914 133 1971; x_wconf 86' lang='lat' dir='ltr'>opera</span> <span class='ocrx_word' id='word_1_116' title='bbox 149 1895 256 1970; x_wconf 86' lang='lat' dir='ltr'>plebem</span> <span class='ocrx_word' id='word_1_117' title='bbox 274 1895 428 1951; x_wconf 78' lang='lat' dir='ltr'>concitatam</span> <span class='ocrx_word' id='word_1_118' title='bbox 446 1897 638 1961; x_wconf 85' lang='lat' dir='ltr'>existimabant,</span> <span class='ocrx_word' id='word_1_119' title='bbox 663 1897 697 1953; x_wconf 90' lang='lat' dir='ltr'>ad</span> <span class='ocrx_word' id='word_1_120' title='bbox 715 1897 850 1954; x_wconf 84' lang='lat' dir='ltr'>Caesarem</span> 
     </span>
     <span class='ocr_line' id='line_1_22' title="bbox 46 1969 851 2048; baseline 0.001 -20"><span class='ocrx_word' id='word_1_121' title='bbox 46 1971 237 2048; x_wconf 80' lang='lat' dir='ltr'>perduxerunt</span> <span class='ocrx_word' id='word_1_122' title='bbox 245 1985 357 2042; x_wconf 88' lang='lat' dir='ltr'>seseque</span> <span class='ocrx_word' id='word_1_123' title='bbox 365 1969 388 2024; x_wconf 90' lang='lat' dir='ltr'>ei</span> <span class='ocrx_word' id='word_1_124' title='bbox 400 1971 563 2026; x_wconf 84' lang='lat' dir='ltr'>dediderunt.</span> <span class='ocrx_word' id='word_1_125' title='bbox 581 1970 685 2039; x_wconf 86' lang='lat' dir='ltr'>Quibus</span> <span class='ocrx_word' id='word_1_126' title='bbox 697 1972 775 2028; x_wconf 83' lang='lat' dir='ltr'>rebus</span> <span class='ocrx_word' id='word_1_127' title='bbox 788 1989 851 2028; x_wconf 89' lang='lat' dir='ltr'>con-</span> 
     </span>
     <span class='ocr_line' id='line_1_23' title="bbox 46 2044 852 2118; baseline 0 -14"><span class='ocrx_word' id='word_1_128' title='bbox 46 2048 136 2112; x_wconf 84' lang='lat' dir='ltr'>fectis,</span> <span class='ocrx_word' id='word_1_129' title='bbox 152 2045 248 2102; x_wconf 87' lang='lat' dir='ltr'>Caesar</span> <span class='ocrx_word' id='word_1_130' title='bbox 256 2044 293 2100; x_wconf 86' lang='lat' dir='ltr'>ad</span> <span class='ocrx_word' id='word_1_131' title='bbox 300 2044 428 2116; x_wconf 87' lang='lat' dir='ltr'>oppidum</span> <span class='ocrx_word' id='word_1_132' title='bbox 440 2045 590 2112; x_wconf 82' lang='lat' dir='ltr'>Avaricum,</span> <span class='ocrx_word' id='word_1_133' title='bbox 612 2048 683 2118; x_wconf 90' lang='lat' dir='ltr'>quod</span> <span class='ocrx_word' id='word_1_134' title='bbox 697 2056 752 2105; x_wconf 87' lang='lat' dir='ltr'>erat</span> <span class='ocrx_word' id='word_1_135' title='bbox 765 2049 852 2104; x_wconf 81' lang='lat' dir='ltr'>maxi·</span> 
     </span>
     <span class='ocr_line' id='line_1_24' title="bbox 48 2119 850 2196; baseline -0.001 -16"><span class='ocrx_word' id='word_1_136' title='bbox 48 2139 130 2180; x_wconf 88' lang='lat' dir='ltr'>mum</span> <span class='ocrx_word' id='word_1_137' title='bbox 138 2119 407 2191; x_wconf 70' lang='lat' dir='ltr'>munitissimumque</span> <span class='ocrx_word' id='word_1_138' title='bbox 414 2119 441 2174; x_wconf 89' lang='lat' dir='ltr'>iu</span> <span class='ocrx_word' id='word_1_139' title='bbox 449 2119 700 2196; x_wconf 78' lang='lat' dir='ltr'>finibusbiturigum</span> <span class='ocrx_word' id='word_1_140' title='bbox 708 2131 785 2195; x_wconf 86' lang='lat' dir='ltr'>atque</span> <span class='ocrx_word' id='word_1_141' title='bbox 794 2123 850 2196; x_wconf 82' lang='lat' dir='ltr'>agri</span> 
     </span>
     <span class='ocr_line' id='line_1_25' title="bbox 48 2193 852 2270; baseline -0.001 -18"><span class='ocrx_word' id='word_1_142' title='bbox 48 2195 218 2256; x_wconf 72' lang='lat' dir='ltr'>fertilissima</span> <span class='ocrx_word' id='word_1_143' title='bbox 226 2194 345 2269; x_wconf 84' lang='lat' dir='ltr'>regione,</span> <span class='ocrx_word' id='word_1_144' title='bbox 357 2193 547 2264; x_wconf 66' lang='lat' dir='ltr'>profecissem</span> <span class='ocrx_word' id='word_1_145' title='bbox 568 2195 648 2268; x_wconf 90' lang='lat' dir='ltr'>quod,</span> <span class='ocrx_word' id='word_1_146' title='bbox 666 2197 852 2270; x_wconf 87' lang='lat' dir='ltr'>eooppidore-</span> 
     </span>
    </p>
   </div>
   <div class='ocr_carea' id='block_1_3' title="bbox 47 2263 917 2716">
    <p class='ocr_par' dir='ltr' id='par_1_3' title="bbox 47 2263 917 2716">
     <span class='ocr_line' id='line_1_26' title="bbox 47 2263 917 2345; baseline -0.002 -17"><span class='ocrx_word' id='word_1_147' title='bbox 47 2281 136 2345; x_wconf 84' lang='lat' dir='ltr'>cepto,</span> <span class='ocrx_word' id='word_1_148' title='bbox 146 2270 284 2328; x_wconf 82' lang='lat' dir='ltr'>civitatem</span> <span class='ocrx_word' id='word_1_149' title='bbox 293 2267 442 2342; x_wconf 75' lang='lat' dir='ltr'>biturigum</span> <span class='ocrx_word' id='word_1_150' title='bbox 452 2287 480 2324; x_wconf 88' lang='lat' dir='ltr'>se</span> <span class='ocrx_word' id='word_1_151' title='bbox 488 2269 516 2325; x_wconf 94' lang='lat' dir='ltr'>in</span> <span class='ocrx_word' id='word_1_152' title='bbox 525 2277 676 2342; x_wconf 84' lang='lat' dir='ltr'>potestatem</span> <span class='ocrx_word' id='word_1_153' title='bbox 686 2271 852 2327; x_wconf 75' lang='lat' dir='ltr'>imbuturum</span> <span class='ocrx_word' id='word_1_154' title='bbox 912 2263 917 2270; x_wconf 72' lang='grc'><strong><em>’</em></strong></span> 
     </span>
     <span class='ocr_line' id='line_1_27' title="bbox 48 2343 854 2490; baseline -0.011 -11"><span class='ocrx_word' id='word_1_155' title='bbox 48 2343 412 2490; x_wconf 44' lang='lat' dir='ltr'>conflllelll‘t’Vercingetorim</span> <span class='ocrx_word' id='word_1_156' title='bbox 422 2423 459 2474; x_wconf 90' lang='lat' dir='ltr'>tot</span> <span class='ocrx_word' id='word_1_157' title='bbox 467 2418 598 2475; x_wconf 86' lang='lat' dir='ltr'>continuis</span> <span class='ocrx_word' id='word_1_158' title='bbox 606 2415 779 2475; x_wconf 80' lang='lat' dir='ltr'>incommodis</span> <span class='ocrx_word' id='word_1_159' title='bbox 792 2415 854 2471; x_wconf 71' lang='lat' dir='ltr'>Vel—</span> 
     </span>
     <span class='ocr_line' id='line_1_28' title="bbox 51 2489 854 2564; baseline -0.009 -12"><span class='ocrx_word' id='word_1_160' title='bbox 51 2495 212 2562; x_wconf 84' lang='lat' dir='ltr'>launcduui,</span> <span class='ocrx_word' id='word_1_161' title='bbox 225 2491 341 2556; x_wconf 86' lang='lat' dir='ltr'>Genabi,</span> <span class='ocrx_word' id='word_1_162' title='bbox 353 2492 502 2548; x_wconf 89' lang='lat' dir='ltr'>Novioduni</span> <span class='ocrx_word' id='word_1_163' title='bbox 511 2493 631 2564; x_wconf 85' lang='lat' dir='ltr'>acceptis,</span> <span class='ocrx_word' id='word_1_164' title='bbox 645 2509 707 2546; x_wconf 88' lang='lat' dir='ltr'>suos</span> <span class='ocrx_word' id='word_1_165' title='bbox 722 2489 755 2544; x_wconf 91' lang='lat' dir='ltr'>ad</span> <span class='ocrx_word' id='word_1_166' title='bbox 768 2491 854 2546; x_wconf 91' lang='lat' dir='ltr'>conci-</span> 
     </span>
     <span class='ocr_line' id='line_1_29' title="bbox 51 2566 855 2637; baseline -0.011 -11"><span class='ocrx_word' id='word_1_167' title='bbox 51 2571 122 2626; x_wconf 91' lang='lat' dir='ltr'>lium</span> <span class='ocrx_word' id='word_1_168' title='bbox 131 2571 270 2626; x_wconf 79' lang='lat' dir='ltr'>murocat.</span> <span class='ocrx_word' id='word_1_169' title='bbox 291 2567 377 2632; x_wconf 82' lang='lat' dir='ltr'>Docet,</span> <span class='ocrx_word' id='word_1_170' title='bbox 393 2571 639 2637; x_wconf 65' lang='lat' dir='ltr'>impectoratum</span> <span class='ocrx_word' id='word_1_171' title='bbox 649 2566 802 2620; x_wconf 73' lang='lat' dir='ltr'>emebellnm</span> <span class='ocrx_word' id='word_1_172' title='bbox 812 2583 855 2633; x_wconf 74' lang='lat' dir='ltr'>pe-</span> 
     </span>
     <span class='ocr_line' id='line_1_30' title="bbox 53 2639 855 2716; baseline -0.012 -16"><span class='ocrx_word' id='word_1_173' title='bbox 53 2649 170 2712; x_wconf 77' lang='lat' dir='ltr'>rendum,</span> <span class='ocrx_word' id='word_1_174' title='bbox 181 2655 263 2716; x_wconf 84' lang='lat' dir='ltr'>atque</span> <span class='ocrx_word' id='word_1_175' title='bbox 276 2646 397 2698; x_wconf 82' lang='lat' dir='ltr'>anteestt</span> <span class='ocrx_word' id='word_1_176' title='bbox 405 2651 516 2712; x_wconf 74' lang='lat' dir='ltr'>pestem:</span> <span class='ocrx_word' id='word_1_177' title='bbox 535 2643 650 2696; x_wconf 81' lang='lat' dir='ltr'>omnibns</span> <span class='ocrx_word' id='word_1_178' title='bbox 658 2641 740 2693; x_wconf 82' lang='lat' dir='ltr'>modia</span> <span class='ocrx_word' id='word_1_179' title='bbox 748 2639 808 2692; x_wconf 81' lang='lat' dir='ltr'>beto</span> <span class='ocrx_word' id='word_1_180' title='bbox 816 2655 855 2691; x_wconf 77' lang='lat' dir='ltr'>rer</span> 
     </span>
    </p>
   </div>
   <div class='ocr_carea' id='block_1_4' title="bbox 0 0 1045 2998">
    <p class='ocr_par' dir='ltr' id='par_1_4' title="bbox 0 0 1045 2998">
     <span class='ocr_line' id='line_1_31' title="bbox 0 0 1045 2998; baseline 0 0"><span class='ocrx_word' id='word_1_181' title='bbox 0 0 1045 2998; x_wconf 95' lang='lat' dir='ltr'> </span> 
     </span>
    </p>
   </div>
  </div>
 </body>
</html>
