2064 2996
288 189 362 234 LIB.
377 189 424 234 III.
455 189 532 236 CAP.
548 191 574 237 8.
590 192 615 236 9.
823 188 855 239 59
882 231 893 242 .

50 291 160 364 expulsis
171 287 329 353 Germanis,
342 269 423 342 victis
433 286 460 341 in
472 286 583 359 Alpibus
594 285 718 352 Sedunis,
733 295 812 361 atque
820 291 854 346 ite

49 368 105 421 inita
114 367 204 420 hieme
213 365 244 418 in
255 361 397 437 Illyricum
411 360 540 432 proiectus
549 371 626 422 esset.
647 361 720 434 quod
733 379 776 416 eas
789 380 856 436 quo-

46 459 93 514 que
102 442 227 496 nationes
237 437 314 492 adire
324 444 350 490 et
360 435 482 508 regiones
492 453 646 510 cognoscere
656 435 768 501 volebat,
781 437 855 491 subi·

43 525 95 570 tum
105 515 210 570 bellum
222 513 255 567 in
267 509 357 566 Gallia
369 517 488 565 monum
503 519 551 566 est.
571 511 637 565 Eius
652 508 715 564 belli
730 509 794 564 haee
806 509 856 565 fuit

40 607 139 645 caussa.
160 587 320 644 P.Crassus
330 581 483 641 adolescens
493 601 554 639 eum
564 584 665 658 legione
673 584 785 654 septIma
794 601 856 654 pro·

40 665 127 719 ximus
136 679 213 719 mare
224 661 369 718 Oceanum
379 659 409 712 in
415 657 535 714 Andibus
545 659 682 714 hiemaret.
699 660 732 723 Is,
744 657 817 730 quod
827 659 855 713 in

40 739 81 792 his
93 738 156 794 loeis
176 736 277 809 inopia
294 731 426 788 frumenti
445 740 507 798 erat,
527 733 667 805 praefectos
679 731 855 804 tribunosque

39 812 152 868 militum
162 809 325 884 complures
336 808 366 862 in
377 805 504 862 finitimas
516 807 633 863 civitates
642 806 767 862 frumenti
781 823 854 861 oom-

38 895 195 960 meatusque
205 881 320 958 petendi
333 897 431 936 caussa
441 879 554 936 dimisit:
575 881 665 954 quoin
676 897 787 936 numero
800 889 854 936 erat

37 963 64 1017 Τ.
74 961 258 1024 Terrasidius,
271 959 378 1012 missus
390 953 418 1008 in
427 953 541 1021 Unellos,
554 955 590 1010 M.
601 955 712 1011 Trebius
722 954 814 1011 Gallus
824 956 852 1012 In

37 1035 221 1101 Curiosolitas,
235 1032 270 1101 Q,
282 1029 418 1089 Velanius
425 1045 487 1084 etim
496 1029 527 1084 T.
538 1028 602 1084 Silio
611 1029 639 1085 in
650 1030 772 1086 Venetos.

88 1111 159 1168 VIII.
180 1109 273 1165 Hqus
284 1113 328 1162 est
341 1103 457 1159 civitatis
473 1103 550 1177 longe
563 1103 727 1176 amplissima
740 1110 853 1158 auetori-

36 1191 74 1239 tas
82 1185 172 1241 omnis
183 1199 248 1240 orae
257 1179 415 1237 maritimae
425 1179 560 1250 regionum
571 1195 669 1243 earum,
683 1177 757 1251 quod
768 1185 794 1231 et
805 1195 851 1231 na-

37 1277 83 1314 ves
91 1260 192 1316 babent
201 1257 299 1316 Veneti
310 1251 457 1328 plurimas,
472 1253 572 1326 quibus
586 1253 614 1307 in
627 1252 789 1306 Britanniam
805 1268 852 1305 na·

38 1333 127 1406 vigare
135 1337 314 1396 masuerum,
328 1337 357 1382 et
369 1325 476 1380 selentia
486 1335 565 1398 atque
574 1342 625 1381 usu
635 1325 801 1381 nauticarum
811 1341 851 1378 re-

38 1425 100 1462 rum
108 1407 225 1482 reliquos
238 1399 409 1464 antecedunt
418 1406 442 1454 et
451 1399 479 1454 in
493 1417 590 1473 magno
603 1401 703 1471 impetu
718 1400 798 1454 maris
813 1406 852 1452 at·

37 1499 91 1554 que
99 1491 196 1555 aperto,
208 1479 309 1555 paucis
319 1473 444 1548 portibus
454 1473 603 1538 interiectis,
614 1490 681 1545 quos
690 1479 779 1526 tenent
789 1471 849 1541 ipsi,

35 1573 126 1612 omnes
136 1555 203 1623 iere,
214 1556 264 1630 qui
276 1567 312 1608 eo
323 1547 395 1604 mari
403 1549 442 1602 uti
451 1553 620 1610 consuerunt,
633 1545 730 1599 habent
738 1546 853 1616 vectIga-

37 1627 82 1686 les.
102 1631 145 1687 Ab
154 1632 191 1686 iis
202 1629 232 1686 lit
243 1626 362 1684 initium
373 1619 565 1676 retinendiSilii
574 1617 768 1690 atquellelanii,
779 1617 852 1688 quod

35 1723 80 1775 per
90 1723 135 1762 eos
145 1723 212 1761 suos
222 1721 253 1760 se
266 1695 391 1762 obsides,
404 1713 471 1767 quos
481 1695 577 1752 Crasso
588 1692 730 1756 dedissent,
745 1707 852 1762 reeupe-

36 1787 135 1836 raturos
156 1775 370 1835 existimabant.
394 1769 494 1825 Horum
511 1767 661 1824 anctoritate
680 1765 786 1820 finitimi
805 1763 852 1819 ad-

35 1853 114 1921 ducti,
137 1853 182 1984 qut
195 1859 264 1908 sunt
279 1844 423 1904 Gallorum
437 1845 524 1900 subita
540 1849 566 1898 et
582 1841 716 1914 repentina
734 1838 851 1914 oonsilio)

35 1927 124 1983 eadem
156 1947 172 1984 e
185 1942 287 1983 caussa
301 1918 432 1976 Trebium
444 1917 675 1990 Terrasidiumque
689 1915 800 1971 retinent
814 1923 847 1981 et,

36 2001 151 2058 celeriter
164 2000 263 2058 missis
274 1993 385 2068 legatis,
402 2007 449 2064 per
462 2009 523 2048 suos
533 1991 664 2064 principes
673 1991 742 2046 inter
751 2008 779 2045 se
788 2005 851 2045 eon·

37 2075 132 2143 iurant,
154 2067 226 2132 nihil
241 2071 300 2128 nisi
315 2067 452 2123 eommuni
466 2066 574 2122 oonsilio
585 2073 696 2130 acturos,
713 2064 850 2120 eumdem-

37 2167 87 2221 que
102 2151 194 2206 omnIs
210 2149 340 2205 fortunae
360 2141 461 2196 exitum
478 2157 536 2196 esse
549 2140 659 2196 laturos:
681 2139 851 2212 reliquasque

38 2225 154 2281 civitates
169 2221 332 2281 sollicitant,
348 2215 420 2270 utin
433 2233 463 2269 ea
472 2214 598 2280 libertate,
620 2231 701 2288 quam
715 2231 731 2268 a
744 2211 852 2266 melori-

38 2297 87 2352 bus
105 2301 277 2372 amsperant,
299 2306 461 2363 permanere,
480 2306 561 2361 quam
574 2289 753 2344 Romanorum
767 2284 851 2336 servi-

38 2377 119 2429 tutem
128 2373 251 2447 perierre
261 2363 386 2422 mallent.
407 2361 486 2419 Omni
496 2380 541 2419 ora
550 2364 683 2417 maritima
692 2356 808 2414 oderiter
817 2355 852 2409 ad

41 2463 114 2502 suern
124 2445 295 2504 sententiam
309 2438 443 2513 perducta,
464 2453 632 2494 eommunem
646 2431 802 2506 legationem
818 2428 852 2482 ad

41 2519 67 2573 P.
79 2521 212 2578 Crassum
225 2515 351 2579 mittunt,
372 2516 397 2568 st
409 2515 469 2568 velit
479 2529 539 2568 suos
552 2516 675 2578 recipere,
688 2505 787 2558 obsides
801 2505 852 2557 stbt

43 2605 270 2736 remqqqrffibus
281 2661 316 2720 de
326 2657 505 2716 rebusCaeser
512 2655 647 2712 abCrasso
656 2647 749 2704 eertior
758 2645 852 2707 laetus,
