2072 2998
164 133 221 189 'lld
375 137 425 184 DE
447 129 573 184 Baubo
594 138 761 214 eunuco

170 237 298 296 scendum
310 236 445 303 ardebant,
466 254 548 310 quam
563 254 626 292 cum
645 236 736 308 aliquo
753 235 873 292 militum
894 237 979 294 detri-
1021 237 1022 274 ἕ

171 322 260 370 mento
272 319 416 368 noceretur.
437 311 533 368 Caesar
542 311 577 366 ad
592 311 718 366 finitimas
727 311 846 366 civitatee
860 314 977 368 nuncios

170 388 288 454 dimittit,
300 403 393 442 omnes
401 385 435 441 ad
444 403 473 440 se
481 393 571 441 evocat
580 403 628 458 spe
636 384 757 456 praedae,
765 385 797 439 ed
807 385 978 457 diripiendos

169 463 317 527 Eburones,
340 460 466 532 utpctius
477 460 505 515 in
515 459 591 517 silvie
602 459 739 516 Gallorum
752 459 815 524 vite,
836 477 923 532 quam
938 461 977 516 le-

170 537 307 612 gionarius
320 535 406 599 miles,
422 533 594 606 periclitetur;
615 533 697 588 simul
708 541 746 599 ut,
770 535 976 607 magnamnlti-
1022 579 1023 584 κ

170 612 263 668 tudine
275 607 443 674 circumfusa,
467 625 516 680 pro
528 609 574 664 teli
589 608 711 674 iacincre,
731 608 813 680 stirps
829 626 861 664 ec
874 627 973 666 nomen

170 686 284 742 civitatis
299 683 412 739 tollatur.
431 683 546 756 Magnus
564 682 685 756 undique
702 699 832 740 numerus
852 683 974 741 celeriter

170 759 301 816 conenit.

221 780 340 890 XXXV.
360 831 470 888 Haecin
485 832 611 888 omnibus
622 831 781 888 Eburonum
792 831 916 904 pertibus
924 850 974 907 ge-
1023 825 1024 902 l

171 909 307 973 rebantur,
327 907 437 979 diesque
450 907 588 978 adpetebat
600 907 740 979 septimus,
759 907 886 978 quemad
898 907 972 964 diem

172 983 267 1040 Caesar
275 982 310 1038 ad
319 982 507 1054 impedimenta
520 981 705 1054 legionemque
718 981 813 1036 reverti
827 982 971 1038 constitue-

171 1065 217 1113 rat.
237 1058 294 1123 Hic,
314 1064 446 1129 quantum
465 1055 493 1112 in
511 1055 581 1112 bello
600 1054 704 1111 fortune
717 1055 802 1127 pcseit
814 1062 840 1110 et
855 1065 971 1128 quantos
1023 1103 1024 1108 ,

171 1131 365 1197 adieratcaeus,
381 1130 503 1206 cognosci
513 1131 607 1204 potuit.
626 1130 765 1202 Dissipatis
778 1147 809 1186 ec
825 1132 971 1202 perterritis
1024 1159 1025 1190 l

171 1206 302 1270 hostibus,
316 1213 347 1260 ut
356 1205 605 1272 demonstravimus,
621 1221 718 1260 manue
729 1212 785 1260 erat
796 1205 881 1271 nulla,
901 1224 972 1278 quae

170 1279 364 1352 parvammodo
372 1295 493 1336 caussam
502 1280 606 1336 timoris
614 1279 735 1336 adferret.
756 1280 972 1336 Transllhenum

171 1353 205 1410 nd
214 1353 360 1410 Germanos
369 1356 489 1426 pervenit
497 1354 575 1420 ieme,
587 1354 667 1427 diripi
675 1355 823 1420 Eburones,
839 1355 973 1426 atqueal-

171 1436 211 1484 tro
224 1445 317 1484 omnes
330 1428 364 1484 ad
381 1430 506 1501 praedam
520 1429 633 1486 evocari.
654 1429 758 1503 Cogunt
774 1430 898 1501 equitum
917 1430 973 1486 duo
1025 1492 1026 1500 ,

171 1503 255 1559 millia
271 1503 414 1578 Sigamhri,
437 1505 485 1577 qui
503 1505 567 1560 sunt
582 1503 699 1576 proximi
717 1503 818 1569 Rheno,
838 1504 972 1576 aquibus
1025 1513 1026 1522 ¹

172 1587 286 1650 receptos
296 1597 329 1634 ex
340 1578 404 1653 iuge
414 1579 589 1634 Tenehtheros
602 1587 682 1650 etque
695 1577 812 1650 Usipetes
826 1595 908 1653 supra
922 1579 974 1636 do·
1025 1601 1026 1650 i

170 1654 289 1710 enimus:
310 1653 578 1721 uanseuntlibenum
588 1653 703 1710 navibus
712 1653 876 1725 retibusque,
888 1654 973 1710 XXX
1025 1665 1026 1720 l

171 1727 292 1784 millibus
301 1746 431 1800 passuum
441 1726 508 1784 infra
517 1746 579 1784 eum
588 1727 739 1793 locum,ubi
748 1727 974 1799 poneeratperie-

170 1811 228 1858 ctus
237 1803 453 1876 praesidiumque
466 1802 500 1858 ab
510 1802 619 1860 Caesare
628 1800 761 1858 relictum:
782 1800 884 1872 primos
895 1803 972 1859 Ebu·
1025 1827 1026 1830 ¹

170 1893 266 1934 renum
276 1877 342 1932 lines
352 1878 458 1941 adeunt,
469 1877 604 1934 multosex
613 1876 676 1950 luge
684 1877 968 1948 dispereoeexcipiunt,

170 1967 268 2024 magno
278 1952 378 2022 pecoris
388 1969 507 2018 numero,
518 1950 843 2022 euiuseuntcupidissimi
851 1951 970 2017 barbari,
1025 1959 1026 1964 ’

169 2025 317 2095 potiuntur.
337 2025 442 2080 Invitati
451 2027 557 2098 praeda,
570 2026 675 2100 longius
683 2023 841 2098 procedunt:
856 2043 912 2082 non
921 2027 971 2082 hos

170 2097 257 2170 palus,
279 2097 306 2152 in
321 2098 390 2154 bello
402 2099 597 2174 latrociniisque
606 2108 690 2166 natos,
709 2117 761 2156 non
770 2099 855 2156 silvae
863 2118 972 2157 moran-

171 2182 227 2228 tur:
248 2170 347 2242 quibus
362 2172 390 2228 in
405 2172 468 2228 locis
478 2175 513 2230 eit
526 2175 630 2239 Caesar,
653 2193 687 2231 ex
701 2174 812 2246 captivis
821 2184 969 2246 quaerunt;

170 2245 313 2320 profectum
324 2245 429 2320 longius
439 2249 574 2320 reperiunt
584 2267 745 2321 omnemque
756 2250 903 2304 exercitum
912 2251 972 2306 'dis-
1025 2253 1026 2258 ’

170 2322 280 2380 cessisse
288 2328 458 2396 cognoscunt
477 2322 564 2394 Atque
573 2341 645 2378 unus
657 2341 690 2379 ex
699 2324 819 2395 captivis,
834 2324 907 2390 Quid
916 2344 971 2391 cce,

171 2398 268 2471 inquit,
291 2401 358 2454 bunc
375 2400 498 2452 mucram
514 2415 547 2451 cc
567 2405 667 2452 tenuem
680 2403 818 2454 eectocum'
830 2404 970 2466 praedem,

171 2475 344 2542 quibuslicet
366 2476 420 2526 tom
437 2487 491 2526 esee
511 2470 747 2540 fortunatissimis?
786 2473 881 2528 Tribus
900 2473 973 2529 borea

170 2547 334 2604 Aduatucam
348 2543 438 2602 *venire
453 2549 576 2613 potestte,·
596 2547 645 2598 buc
665 2562 752 2602 omnes
769 2563 832 2600 auae
848 2553 973 2616 [ortunae

170 2626 301 2676 ecerettua
318 2623 491 2678 aomanorum
505 2621 627 2676 contulit:
652 2623 783 2687 praesidii
800 2628 904 2676 matum
922 2631 971 2688 est,
