2072 2998
271 165 409 215 ursum
438 169 521 215 cnr.
536 169 579 214 aa.
595 169 638 216 aa.
693 233 696 241 Δ
805 163 855 218 477

54 267 224 341 perveniunt,
246 283 359 338 eamque
370 267 537 340 transgressi,
558 268 635 322 trinis
648 267 740 322 castris
749 271 857 340 potiun-

55 352 107 398 tur.
127 342 167 397 Ao
177 349 251 396 tanta
263 339 314 394 luit
322 341 350 394 in
360 341 453 394 eastris
464 341 598 412 capiendis
608 340 734 407 eeleritas,
749 351 780 396 ut
788 343 857 399 Teu-

54 424 179 477 tomatus,
186 431 235 469 rex
244 413 433 487 Nitiobrigum,
441 415 529 470 subito
539 415 567 470 in
577 415 857 488 tabernaculooppres-

54 507 110 556 sus,
131 497 163 545 ut
175 487 290 544 meridie
302 488 495 559 conquieverat,
509 489 643 560 superiora
657 490 772 560 eorporis
784 501 858 561 perte

54 565 162 629 nudata,
169 561 309 626 vulnerato
319 563 451 634 equoris
460 579 489 618 se
497 581 530 618 ex
540 563 664 619 manibus
674 563 857 636 praedantium

10 643 15 654 ¹
54 638 171 694 militum
180 637 303 708 eriperet.

107 711 218 768 XLVII.
239 710 403 766 Consecutus
416 709 453 775 id,
474 709 546 782 quod
565 711 655 767 animo
672 720 854 784 proposuerat,

55 787 151 842 Caesar
157 785 275 856 reoeptui
284 783 344 839 oeni
353 783 431 838 iussit
440 783 604 858 legionisque
609 785 733 851 decimae,
740 803 857 857 quaeum

55 859 300 923 erateonoionatus,
314 857 391 932 signa
401 859 550 918 oonsistere.
570 859 775 932 Atreliquarum
785 860 858 916 mili-

54 943 93 990 tes
102 934 252 1008 legionum,
272 949 326 987 non
335 931 459 986 exaudito
469 933 547 988 tubae
558 949 632 999 sono,
643 934 716 1006 quod
725 935 788 990 satis
799 953 858 990 ma·
898 953 905 964 ⁸

54 1027 107 1083 gna
115 1008 197 1065 vallis
205 1005 484 1070 intercedebat,tamen
494 1006 528 1061 ab
538 1006 653 1063 tribunis
660 1007 775 1064 militum
785 1009 858 1084 lega-

55 1085 152 1156 tisque,
163 1088 195 1136 ut
204 1089 284 1136 erata
296 1080 406 1135 Caesare
414 1088 590 1152 praeseptum,
603 1082 794 1140 retinebantur:
809 1084 858 1139 sed

55 1157 115 1213 elati
129 1172 178 1228 spe
189 1154 281 1210 eeleris
293 1153 416 1210 uictoriae
428 1162 454 1208 et
467 1155 585 1209 bostium
598 1153 662 1211 tuoe
676 1158 858 1228 superiorum·

55 1247 108 1304 que
116 1238 269 1302 temporum
279 1227 403 1282 secundis
411 1227 527 1299 proeliis,
535 1228 602 1283 nihil
613 1197 676 1285 adeo
681 1233 794 1288 arduum
804 1232 857 1286 sibi

55 1304 253 1369 existimabant,
268 1301 342 1374 quod
356 1318 409 1357 non
423 1303 520 1358 virtute
532 1305 657 1377 eonsequi
669 1313 788 1376 possent:
810 1323 858 1360 ne-

54 1395 108 1453 que
117 1379 193 1451 prius
205 1378 286 1435 finem
295 1375 423 1447 sequendi
434 1375 558 1441 feserunt,
581 1393 662 1448 quam
676 1395 753 1434 muro
766 1379 857 1452 oppidi

55 1453 194 1526 portisque
200 1451 453 1523 adpropinquarent
472 1451 542 1508 Tum
555 1465 617 1506 vero
631 1457 664 1505 ex‘
676 1453 802 1508 omnibus
811 1471 858 1506 ur-

10 1577 11 1582 ,
56 1529 99 1584 bis
108 1526 231 1600 partibus
241 1531 297 1581 orto
307 1524 429 1590 clamore,
450 1525 498 1602 qui
512 1524 618 1596 longius
627 1523 743 1590 aberant,
765 1543 858 1597 repen-

55 1602 111 1657 tino
120 1595 240 1656 tumultu
250 1598 390 1672 perterriti,
411 1615 496 1670 quum
506 1598 608 1653 hostem
619 1597 687 1652 intra
700 1605 789 1670 portes
801 1616 860 1653 esse

57 1675 248 1734 existimarent,
264 1689 366 1728 seseex
375 1672 473 1744 oppido
482 1673 620 1728 eieoarunt.
640 1673 735 1726 Matres
745 1671 859 1727 familiae

57 1750 90 1806 de
99 1765 178 1804 muro
189 1753 287 1804 vestem
299 1754 492 1834 argentumque
501 1746 630 1802 iactabant
640 1754 674 1810 et,
685 1746 796 1818 pectoris
806 1745 860 1802 tine

55 1823 247 1896 prominentes,
267 1836 355 1894 passis
369 1821 494 1875 menibus
505 1819 703 1874 obtestabantur
715 1821 856 1886 Romanos,

56 1906 87 1953 ut
95 1897 148 1954 sibi
158 1903 305 1970 pamerent,
316 1911 379 1959 neu,
391 1895 460 1948 sicut
467 1894 571 1950 Avarici
580 1893 710 1960 iecissent,
721 1911 755 1950 ne
764 1894 859 1950 mulie-

57 1973 133 2027 ribus
142 1969 254 2042 quidem
264 1976 344 2041 etque
353 1967 500 2025 infantibus
509 1969 678 2024 abstinerent.
699 1969 857 2036 Nonnullae,

57 2045 91 2102 de
99 2045 187 2100 muris
199 2045 358 2115 per'mauus
367 2042 506 2108 demissae,
527 2059 584 2098 sese
597 2041 727 2099 militibus
740 2045 860 2100 transde-

57 2120 130 2176 bant.
150 2118 301 2183 L.Fabius,
312 2117 430 2172 centurio
439 2116 550 2201 legionis
559 2117 626 2182 v111,
633 2135 714 2188 quem
720 2119 788 2174 inter
796 2135 860 2174 suos

57 2211 89 2250 eo
97 2193 142 2249 die
149 2191 253 2248 dixisse
260 2192 404 2255 oonstebat,
416 2191 523 2246 exortari
534 2207 562 2246 se
571 2191 775 2248 Avarioensibus
785 2211 861 2264 prae

57 2268 130 2333 miis,
142 2283 233 2340 neque¹
243 2266 461 2330 commissurum,
472 2275 503 2320 ut
511 2265 587 2337 prius
596 2266 740 2338 quisquam
751 2281 860 2320 murum

11 2405 12 2410 ἵ
58 2337 304 2405 adscendentes·
315 2357 379 2394 suos
394 2347 486 2394 nactus
498 2339 677 2410 manipulares
687 2348 767 2410 etque
780 2339 814 2394 ab
827 2339 861 2392 iis

58 2416 214 2472 sublevatus
223 2431 333 2469 murum
340 2413 484 2468 adscendit.
504 2414 556 2468 Eos
565 2413 623 2486 ipse
634 2431 728 2468 rursus
741 2411 861 2484 singulos

58 2495 210 2562 exceptans,
223 2487 253 2543 ln
264 2505 374 2542 murum
384 2487 488 2544 extulit.

112 2563 233 2620 XLVIII.
255 2562 364 2616 Interim
374 2562 402 2626 ii,
423 2561 471 2634 qui
482 2560 516 2618 ad
526 2560 634 2617 alteram
647 2565 748 2631 partem
761 2557 862 2629 oppidi,

60 2646 180 2711 utsupra
189 2636 442 2703 demonstravimus,
462 2635 620 2690 munitionis
633 2649 726 2688 caussa
736 2647 865 2686 eonvene

97 2729 151 2786 lm..
165 2728 242 2785 Gaas.
672 2723 700 2780 M
