2078 2996
315 133 387 182 mn.
400 135 434 181 11.
464 135 581 194 cam.
595 135 620 184 8.
817 137 866 190 289

74 240 153 295 bant:
174 234 389 306 oonspioataeque
407 251 487 290 naves
504 233 626 289 triremes*
642 234 709 292 duae
727 225 820 293 navam
832 241 864 295 D.

74 313 159 377 Bruti,
175 327 244 383 quae
253 327 287 364 ex
295 308 394 383 insigni
403 308 478 364 faeile
487 308 593 384 agnosci
601 317 708 380 poterat,
720 310 823 366 duabus
833 331 866 369 ex

74 387 196 462 partibus
205 400 262 438 suae
271 385 300 438 in
309 400 366 439 eam
375 384 557 440 incitaverant:
577 383 624 438 eod
637 391 748 451 tantum,
765 403 793 440 ro
805 395 866 458 pro-

12 463 13 520 }
76 462 144 528 visa,
164 461 262 514 Brutus
277 456 403 513 celeritate
415 457 491 514 navis
504 458 595 514 enisus
604 465 652 526 eet,
673 466 703 514 ut
714 475 796 531 paruo
809 477 866 516 mo-

76 542 167 592 mento
177 531 345 588 antroederot.
364 531 426 588 illae
439 533 502 588 adeo
510 532 624 607 graviter
633 532 700 588 inter
709 551 738 589 ee
747 534 866 590 incitatae

76 608 262 671 muniuerunt,
278 613 308 662 ut
318 605 544 664 vehementissime
553 613 678 680 utraeque
691 625 725 664 ox
737 625 865 664 oonoursu

76 685 239 749 laborarent3
260 679 338 736 altera
347 698 407 738 vero
416 681 557 755 praefracte
566 690 648 738 rostro
659 690 712 738 tota
720 683 865 738 eoilebefie-

76 765 128 814 ret.
147 754 495 824 Quareanimumaavorsa,
515 757 865 830 quaeproximaeeilocoex

75 831 152 892 Bruti
162 829 243 886 classe
253 848 333 887 naves
342 838 424 898 erant,
437 831 466 888 in
478 849 522 888 eas
535 831 673 904 impeditae
685 833 813 906 impetum
826 832 865 890 fa-
896 839 897 844 ’

77 909 153 964 oium
160 904 325 978 celeriterque
333 906 424 962 ambae
433 905 592 978 deprimunt.

132 981 187 1038 vu.
206 978 258 1036 seo
270 981 426 1037 Nasidianae
434 998 515 1038 navae
525 981 598 1037 nullo
608 981 670 1036 usui
683 980 789 1038 inerunt
799 981 866 1038 eele-

77 1057 482 1130 riterquepugnaexeaeserunt:
502 1054 865 1130 nonenimhaaauteonspe-

22 1136 24 1141 '
77 1138 135 1188 otus
146 1129 245 1203 patriae
253 1138 298 1186 aut
306 1130 515 1202 propinquorum
526 1136 659 1202 praecepta
672 1129 704 1184 ad
717 1138 865 1187 extremum

77 1207 147 1262 vitae
159 1202 306 1277 perieulum
320 1203 392 1258 adire
401 1203 538 1276 cogabant.
563 1204 653 1274 Itaque
666 1219 698 1259 ex
712 1221 742 1260 eo
754 1215 865 1261 numero

12 1291 13 1296 ’
78 1280 188 1338 navium
207 1278 281 1334 nulla
298 1276 441 1334 desiderata
459 1283 506 1341 est,
526 1293 561 1332 ex
568 1275 769 1334 Massiliensium
784 1279 866 1335 alasse

12 1397 15 1420 ,
77 1357 200 1427 quinque
208 1359 271 1407 aunt
280 1351 425 1422 depressae,
445 1357 556 1422 quatuor
564 1357 660 1420 raptae,
680 1367 804 1406 unacum
813 1354 866 1406 Na-

12 1437 13 1486 Ῑ
78 1428 189 1485 sidianie
200 1424 336 1498 profugit:
360 1441 429 1496 quae
444 1441 536 1478 omnes
553 1423 696 1480 citeriorem
714 1425 867 1495 Hispaniam

12 1497 14 1502 ’
77 1503 241 1576 petiverunt:
262 1506 288 1552 at
305 1514 339 1552 ex
358 1498 467 1570 reliquia
485 1515 538 1554 una
551 1497 694 1570 praemissa
712 1496 868 1572 Massiliam„

77 1577 162 1633 huius
180 1571 271 1632 nuncii
286 1570 430 1643 perferendi
447 1572 543 1645 gratia·
561 1587 646 1644 quum
659 1571 712 1626 iam
727 1570 867 1644 adpropin-

78 1653 174 1723 quaret
193 1644 263 1710 urbi,
282 1645 368 1701 omnis
386 1663 443 1701 sese
460 1645 599 1702 multitudo
612 1644 645 1700 ad
658 1645 867 1720 oognoaoendum
886 1713 890 1718 q

79 1721 219 1788 offuditao
236 1721 382 1794 reoognita,
401 1727 489 1776 tauma
498 1720 583 1776 luctans
593 1721 701 1794 excepit,
720 1728 751 1776 ut
759 1720 866 1776 urbeah

41 1803 44 1815 “
79 1796 202 1856 hostibus
215 1800 288 1866 capta
300 1795 389 1850 oedem
403 1795 468 1851 vesti
490 1795 513 1850 'o
526 1795 675 1851 videretur*
692 1794 866 1876 Massilienses

79 1881 168 1930 tamen
178 1869 262 1926 nihilo
270 1872 378 1943 aequius
391 1869 452 1926 add
476 1870 610 1926 ansionem
622 1869 697 1925 urbis
710 1869 811 1946 reliqua
820 1871 866 1926 ad-

78 1963 172 2022 parere
179 1952 327 2018 mapernnt.

100 2014 105 2024 ’
134 2017 203 2079 Vlil.
222 2021 270 2077 Eat
282 2019 495 2077 animadversum
510 2019 544 2076 ab
556 2017 718 2094 legionariis.
737 2019 785 2094 qui
801 2020 866 2076 dex-

12 2141 21 2170 ,
79 2105 147 2153 tram
156 2103 255 2168 partam
265 2096 349 2170 operis
358 2093 583 2162 administrabant,
603 2094 866 2152 oxorobriahoetium
910 2123 912 2130 ·

80 2170 269 2241 eruptionibus,
289 2182 386 2245 magne
399 2171 451 2226 eibi
464 2169 663 2244 aesospraasidio
674 2183 764 2242 poene,
784 2171 807 2224 ei
818 2187 866 2240 pro

81 2242 225 2302 cuonone
233 2245 390 2316 rooeptaouio
399 2244 492 2301 turrim
501 2260 535 2302 ox
549 2245 627 2302 latere
640 2245 692 2301 sub
702 2259 779 2300 muro
790 2242 870 2298 fecis-¹

81 2324 154 2383 sent,¹
161 2333 242 2389 quam
250 2319 334 2388 primo
341 2319 377 2376 ad
384 2320 531 2393 repentinos
539 2320 661 2376 ineureue
670 2317 797 2373 humilem
806 2333 867 2386 par·

80 2407 197 2464 vanaque
206 2388 325 2449 feterent.
343 2392 601 2450 Haesereiarebant:
612 2391 775 2462 hino,siqua
784 2389 867 2444 maior

14 2503 16 2508 .
80 2472 244 2542 oppresserat
256 2466 313 2532 via,
330 2463 542 2542 propugnabant:
566 2468 629 2523 hino
641 2464 675 2521 ad
688 2461 867 2536 repellendum

80 2551 106 2598 et
119 2540 332 2616 prosequendum
346 2541 446 2596 bootem
458 2542 652 2614 procurrebant.
683 2537 788 2593 Patebat
804 2536 868 2593 haee

12 283 14 320 i

12 359 16 394 i

12 2613 14 2674 i
44 2625 49 2638 ’
81 2633 282 2691 quoquoversus
294 2614 373 2689 pedae
386 2616 500 2690 uiginta,
520 2616 566 2672 aed
580 2614 709 2690 parietum
723 2612 867 2668 crassitudo

12 2705 24 2724 “
118 2708 244 2765 lanceas
683 2705 705 2758 Τ
