2072 2998
293 165 368 211 LIB.
381 164 412 213 V.
442 167 520 214 CAP.
534 168 577 214 1⁵.
588 169 632 214 16.
810 161 855 216 idi

65 272 91 320 et
104 263 205 320 labrum
218 265 357 336 superius.
384 263 482 320 Uxores
499 266 597 322 hebent
612 265 674 322 ‘deni
694 265 860 340 duodenique

67 340 129 396 inter
143 357 172 394 se
187 356 357 403 communes,
380 347 405 394 et
418 341 534 396 maxime
546 341 638 396 iratres
655 357 717 395 eum
737 339 860 397 iratribus

65 422 235 486 parentesque
244 431 309 468 cum
320 412 424 480 liberis3
446 415 501 481 scd,
517 415 541 470 si
555 416 602 487 qui
616 422 680 470 suut
692 431 725 468 ex
739 414 782 469 his
794 418 858 478 neti,

62 506 151 544 eorum
161 489 296 546 hahentur
306 489 393 554 liberi,
408 506 462 562 quc
470 490 588 562 primum
599 491 674 564 virgo
683 505 804 562 queeque
816 489 862 545 de·

60 564 138 620 ducto
147 571 198 618 est.
724 580 729 596 ·

114 639 174 694 XV.
192 637 308 710 Equites
327 637 443 692 bostium
460 638 638 712 essedariique
656 639 747 694 acriter
765 637 861 709 proelio
912 637 921 642 ”

62 729 125 768 cum
138 713 259 784 equitatu
273 720 365 766 nostro
377 712 405 767 in
419 712 512 768 itinere
528 714 709 779 condixerunt,
730 721 818 768 temen
831 723 862 768 ut

64 787 144 842 nostri
155 787 285 842 omnibus
296 786 417 858 pertibus
425 803 572 858 superiores
584 788 682 844 fuerint
692 796 770 861 atque
779 805 823 844 eos
833 789 861 844 in

60 861 143 917 siivas
153 861 288 932 collesque
297 861 485 933 compulerint:
506 861 552 918 sed
564 860 743 934 compluribus
757 862 862 918 interfe-

59 938 119 1003 ctis,
130 935 260 1008 cupidius
268 935 390 1002 insecuti,
402 935 543 992 nonnullos
551 955 584 994 ex
595 937 652 994 suis
662 938 814 994 emiserunt.
828 938 862 994 At

60 1011 111 1078 illi,
124 1011 278 1066 intermisso
287 1012 382 1082 spatio,
392 1010 605 1083 imprudentibus
618 1013 713 1068 nostris
727 1020 805 1085 etque
818 1029 862 1068 oc-
958 1067 968 1078 ,

60 1087 167 1158 cupetis
176 1087 207 1140 in
216 1086 365 1140 munitione
373 1093 528 1152 castrorum,
544 1087 633 1143 subito
643 1104 671 1142 se
680 1105 713 1142 ex
723 1088 799 1144 silvis
808 1089 861 1144 eie-

60 1169 156 1218 cerunt
165 1160 322 1232 impetuque
331 1161 359 1215 in
372 1177 417 1215 ecs
425 1159 500 1227 fecto,
516 1162 646 1234 quierant
655 1163 682 1218 in
693 1163 802 1218 statione
814 1179 862 1234 pro

61 1237 158 1292 oestris
167 1235 294 1300 coiloeeti,
308 1236 607 1309 ecriterpugneverunt:
628 1235 785 1310 duobusque
796 1237 863 1294 mis-

65 1312 106 1365 sis
119 1310 240 1365 subsidio
246 1311 400 1366 cohortibus
410 1328 425 1364 e
434 1311 551 1377 Caesare,
568 1320 647 1384 atque
661 1311 704 1367 his
717 1313 811 1384 primis
825 1311 862 1366 le·

64 1385 180 1460 gisum
187 1384 311 1450 duarum,
324 1401 412 1457 quum
423 1385 480 1450 hee,
495 1387 639 1460 perexiguo
651 1386 799 1441 intermisso
813 1385 861 1441 loci

64 1460 153 1532 spatio
165 1459 231 1516 inter
243 1478 281 1526 se,
302 1461 490 1526 constitissent,
508 1478 576 1516 novo
587 1477 683 1534 genere
691 1477 794 1534 pugnae
803 1478 862 1531 per·

62 1535 164 1592 territis
176 1537 283 1604 nostris,
303 1553 351 1606 per
368 1535 469 1590 medios
487 1535 660 1590 audacissime
679 1544 860 1604 perruperunt,

61 1628 148 1684 seque
165 1610 228 1664 inde
238 1609 393 1665 ‘incolumes
413 1618 571 1682 receperunt.
590 1610 629 1665 Eo
641 1607 725 1675 dieQ.
739 1609 863 1663 Laberius

61 1688 163 1749 Durus,
174 1685 300 1740 tribunus
310 1685 438 1750 militum,
445 1685 605 1740 interficitur.
619 1683 671 1750 Illi,
681 1682 804 1758 pluribus
814 1685 864 1738 im·

64 1761 156 1818 missis
166 1760 328 1826 cohortibus,
341 1758 515 1832 repelluntur.

119 1836 191 1890 XVI.
211 1835 275 1890 Toto
283 1836 334 1890 hoe
342 1835 372 1889 in
384 1851 479 1907 genere
486 1852 599 1910 pugnae,
615 1851 700 1908 quum
714 1834 767 1889 sub
780 1833 862 1890 oculis

62 1912 188 1966 ‹unnium
198 1916 284 1982 acpro
292 1910 388 1966 cestrie
398 1908 572 1976 dimicaretur,
586 1909 744 1966 intellectum
756 1919 804 1976 est,
815 1928 863 1966 no-

62 1996 134 2042 stroe
142 1987 565 2060 proptergrevitatemermorum,
582 1983 654 2058 quod
663 2003 749 2058 neque
758 1987 862 2059 insequi

62 2061 186 2116 (edentes
198 2068 315 2132 possent,
339 2075 428 2130 neque
440 2059 472 2114 eb
487 2059 572 2134 signis
585 2059 716 2116 discedere
728 2062 861 2126 auderent,

63 2138 156 2190 nnnus
166 2143 240 2208 aptos
249 2134 353 2199 eeseed
362 2134 444 2188 huius
452 2135 555 2207 generis
567 2135 681 2205 hostem;
702 2138 803 2210 equites
816 2155 863 2192 eu·

63 2221 118 2266 tem
132 2227 231 2284 magno
246 2227 309 2266 cum
329 2207 446 2281 periculo
463 2208 560 2281 proelio
578 2210 710 2273 dimicare,
731 2219 864 2283 propterea

64 2285 138 2356 quod
149 2285 189 2340 illi
200 2286 280 2341 etiem
288 2282 411 2340 consulto
425 2282 580 2356 plerumque
592 2285 712 2340 oederent
724 2295 758 2346 et,
779 2301 864 2355 quum
892 2341 903 2364 k

64 2359 186 2431 paullum
195 2361 229 2416 eb
239 2358 393 2434 legionibus
403 2367 504 2412 nostros
518 2361 699 2423 removissent,
720 2376 754 2412 ex
767 2356 864 2412 essedis

64 2434 199 2490 desilirent
208 2442 234 2490 et
242 2434 362 2507 pedibus
369 2431 762 2504 disperiproelioecntenderent.
777 2431 865 2500 Eque-

65 2511 127 2566 stris
137 2518 224 2566 eutem
233 2509 330 2582 proelii
343 2507 408 2562 ratio
421 2517 446 2562 et
458 2507 610 2564 cedentibus
622 2517 649 2562 et
665 2503 865 2574 insequentibus

67 2585 283 2656 peratqueidem
292 2579 586 2654 periculuminierebet.
605 2577 748 2636 Accedebat
757 2577 864 2642 hueut,

70 2675 216 2735 numquam
225 2657 350 2722 conferti,
358 2655 405 2712 sed
413 2657 465 2712 reri
475 2657 633 2730 magnisque
641 2649 784 2708 intervallis
793 2667 869 2722 proe-
