2072 2998
193 139 241 192 tol
407 144 457 191 DE
479 144 603 191 BELLO
628 141 795 190 Gannico

169 244 172 252 '
190 244 254 300 satis
263 261 377 318 magnus
388 243 530 300 bominum
543 242 700 313 pecorisque
709 257 839 297 numerus
856 259 1000 301 oonvens-

190 319 234 374 rit.
254 317 398 392 (Oppidum
407 325 494 374 autem
505 316 623 372 Britanni
632 323 733 382 vocant,
747 333 833 388 quum
842 317 932 374 silvas
944 321 1000 374 im-

189 393 291 468 peditas
306 393 376 449 vallo
389 401 468 465 atque
481 391 549 448 losse
568 391 731 456 munierunt,
752 407 808 463 quo
825 389 999 450 incursionis

190 468 307 524 bostium
316 468 437 524 vitandae
444 483 537 522 caussa
542 466 682 522 convenire
689 465 868 538 consuerunt.)
876 467 921 522 Eo
930 486 999 539 pro-

191 544 316 599 ficiscitur
325 560 386 598 oum
397 542 558 615 legionibus:
579 539 665 596 loeum
676 540 771 610 reperit
779 541 884 614 egregie
895 553 996 598 natura

190 628 355 690 atqueopere
364 618 511 684 munitum;
532 614 996 686 tamenhunoduebusexpertibus

190 709 344 766 oppugnare
356 691 495 746 oontendit
515 691 617 754 Hostes,
635 689 779 761 paullisper
792 690 898 755 morati,
918 693 996 749 mili-

190 777 248 822 tum
259 774 408 821 nostrornm
423 767 551 836 impetum
569 779 622 820 non
635 763 876 836 tuleruntseseque
889 766 945 822 alia
961 786 996 824 ex

190 851 263 914 parte
280 839 370 912 oppidi
389 841 529 896 eiecerunt.
553 840 665 914 blagnus
683 839 720 894 ibi
738 855 868 894 nummus
886 845 995 912 peeoris

190 925 317 1044 repertus,
334 915 500 988 multiquoin
512 911 576 988 luga
585 921 649 969 sunt
657 913 837 986 comprehensi
850 922 933 987 atqtoe
950 919 994 973 in-

190 1000 228 1046 ter
238 990 294 1046 soti.

140 1076 144 1080 ’
195 1105 199 1110 ,
245 1065 332 1119 XXll.
352 1064 421 1118 Dum
430 1062 531 1118 haeoin
540 1062 583 1118 his
593 1061 656 1118 loeis
666 1069 802 1137 geruntur,
810 1062 992 1122 Cassivellau-

191 1156 242 1196 nus
252 1139 286 1194 ad
291 1137 423 1203 Cantium,
434 1137 507 1210 quod
515 1154 573 1192 esse
582 1137 615 1192 ad
624 1155 696 1193 mare
704 1155 784 1209 supra
793 1137 992 1196 demonstravi-

190 1213 368 1286 mus,quibus
378 1212 529 1286 regionibus
538 1219 650 1284 quatuor
659 1231 733 1287 reges
739 1222 883 1284 praeerant,
892 1215 992 1289 Cinge-

190 1290 268 1354 torix,
281 1287 421 1352 Carvilius
437 1285 636 1360 Taximagulns,
652 1287 781 1361 Segouax,
797 1289 913 1344 nuncios
927 1292 993 1346 mil·

190 1365 222 1420 tlt
230 1373 309 1436 atque
317 1363 360 1418 his
370 1363 488 1435 imperat,
500 1363 548 1427 uti,
560 1362 654 1418 enectis
664 1362 788 1418 omnibus
798 1363 892 1434 oopiis,
904 1373 991 1420 castra

186 1439 294 1497 navalia
308 1439 340 1495 de
354 1438 497 1512 improviso
515 1437 667 1493 adoriantur
685 1444 763 1510 atque
780 1447 946 1512 oppugnent.
970 1442 991 1496 li

190 1533 276 1588 quum
286 1515 319 1571 ad
328 1522 412 1570 caetra
421 1514 561 1578 venissent,
574 1512 665 1576 nostri,
675 1512 810 1583 eruptione
819 1511 896 1583 laete,
917 1514 992 1570 mul-

192 1592 225 1646 tis
234 1587 564 1660 eoruminterleotis,oapto
570 1587 648 1644 etiam
655 1587 737 1642 nobili
745 1586 989 1663 dueeLugotorige,

191 1665 409 1722 suosinoolumes
419 1665 588 1720 reduxerunt.
609 1661 832 1725 Cassivellaunus,
850 1663 904 1718 hoc
911 1681 991 1735 proe-

191 1741 227 1797 lio
239 1741 369 1804 nunciato,
390 1749 427 1794 tot
435 1738 597 1794 detrimentis
610 1737 729 1808 aooeptis,
749 1736 857 1792 vastatis
874 1737 988 1804 finibus,

192 1815 307 1872 maxime
324 1815 403 1870 etiam
417 1821 551 1884 permotus
562 1810 703 1868 delectione
718 1811 865 1878 civitatum,
887 1812 989 1887 legatos

190 1907 237 1960 per
246 1888 549 1944 Atrebatemeommium
559 1887 591 1942 de
600 1885 730 1942 deditione
739 1885 915 1942 adCaesarem
925 1890 990 1943 mit-

192 1965 230 2018 tit.
252 1962 354 2027 Caesar,
366 1979 452 2035 quum
461 1963 602 2024 statuisset,
610 1961 723 2016 hiemem
734 1960 761 2015 in
771 1960 914 2017 eontinenti
926 1980 990 2034 pro·

191 2046 248 2109 pter
266 2037 413 2110 repentinos
433 2036 533 2092 Galliae
551 2044 637 2091 motus
655 2051 739 2110 agere,
763 2052 849 2107 nequo
869 2037 987 2092 multum

190 2111 295 2166 aestatis
304 2118 450 2180 superesset
462 2118 540 2182 etque
549 2111 577 2165 id
590 2109 664 2165 laoile
676 2109 777 2165 extrahi
791 2126 869 2181 possa
885 2111 989 2172 intelle

189 2192 271 2260 geret,
282 2185 386 2240 obsides
396 2185 505 2256 imperat
514 2193 547 2248 et,
563 2185 630 2257 quid
640 2186 668 2239 in
678 2201 761 2240 annos
770 2183 891 2258 singulos
905 2187 988 2242 vecti·

190 2260 258 2336 galis
267 2259 622 2333 populoliomanoBritannia
634 2259 763 2330 penderet,
775 2257 924 2316 eonstituit:
945 2263 988 2316 io-

191 2335 378 2406 terdieitatque
394 2335 502 2406 imperat
516 2333 723 2399 Cassiuellauno,
743 2351 777 2390 ne
789 2334 985 2402 llondnbrotio,

192 2429 243 2468 neu
253 2409 456 2470 Trinobantibus
465 2408 565 2465 bellum
574 2407 660 2464 faciat.

130 2541 141 2552 ,
246 2487 344 2542 XXlll.
365 2484 509 2540 Obsidibus
528 2483 648 2554 aceeptis,
673 2483 815 2538 exereitum
834 2482 936 2538 reducit
953 2484 987 2538 ad

192 2573 276 2625 more,
298 2578 377 2623 naves
391 2559 491 2616 invenit
510 2557 625 2614 relectas.
655 2556 702 2612 llis
715 2555 847 2622 deductis,
867 2558 941 2628 quod
961 2568 986 2614 et

192 2636 354 2707 captivorum
368 2653 495 2710 magnum
508 2649 650 2690 numerum
663 2631 784 2696 babebat,
804 2639 829 2686 et
842 2632 986 2688 nonnullae
