2044 2992
182 122 232 178 504
483 131 533 176 DE
551 133 676 178 BELLO

181 228 282 300 quibus
299 228 427 300 seriptum
438 235 478 285 est
495 229 649 286 inventum:
675 233 705 286 L.
721 233 860 293 Minett'us
873 238 976 294 Caesari.

180 301 212 358 Si
229 305 293 358 milti
310 307 391 358 utum
409 306 518 368 tubae,
540 310 663 373 quostiam
679 309 715 360 ab
732 308 783 363 Cn.
800 311 979 382 Pompeiusue

181 380 304 441 desertus,
323 380 473 446 quetemme
482 380 523 430 illi
529 384 659 445 praestiti,
680 384 762 436 tatem
777 389 882 440 uirtute
895 397 918 442 et
930 403 979 441 eor-

180 455 280 505 stertts'e
298 455 468 520 futurumne
487 455 516 505 irs
530 461 553 504 te
568 457 717 520 praestabo.
748 457 858 516 Eodem
877 469 979 532 tempore

181 523 375 594 oppidanorum
385 523 472 597 legati,
483 524 531 596 qui
540 532 615 580 entes
625 527 755 595 exierunt,
763 533 912 590 Caesarem
921 535 977 590 edis

181 605 253 661 runt,
265 603 289 652 si
300 601 444 653 sllicitum
454 603 608 662 concederet,
623 617 678 654 sese
693 605 849 674 insequenti
861 614 906 664 die
919 613 978 678 oppi-

181 674 243 726 dum
252 689 305 726 esso
315 676 455 726 dedituros.
476 669 580 737 Quibus
589 674 735 743 respondit,
748 695 778 732 se
786 681 979 738 Gaesaremesse
1002 741 1003 754 q

180 747 304 812 fidemque
315 754 519 812 praestaturum.
544 747 590 810 lta,
603 764 628 800 a.
639 746 667 801 d.
682 748 730 803 Xl.
741 751 808 809 Kal.
820 757 932 812 Martias
943 775 978 828 op
1002 755 1003 768 ²

180 817 243 888 pido
253 819 360 887 potitus,
375 818 514 888 imperetur
523 827 563 874 eet
571 819 728 890 adpellatus.

236 890 296 944 XX.
316 889 394 956 Quod
404 893 546 962 Pompeius
554 910 587 948 ex
595 893 714 968 perlegis
721 912 815 968 quum
826 903 976 962 deditionem

180 961 270 1032 oppidi
280 961 372 1018 lactem
383 981 441 1020 esse
451 967 552 1032 scisset,
563 975 646 1022 castra
655 972 741 1025 movit
751 973 876 1033 Ucubim
887 997 975 1040 versus,

179 1042 204 1090 et
213 1035 312 1092 circum
327 1053 356 1092 ee
366 1037 422 1094 loca
438 1040 544 1096 castella
558 1041 689 1112 disposuit
701 1051 728 1098 ct
741 1051 948 1108 munitionibus
958 1069 977 1106 se

179 1109 312 1166 mutinere
320 1113 411 1184 coepit.
440 1113 535 1170 Caesar
547 1116 630 1172 mevit
638 1123 664 1170 et
673 1119 786 1190 propius
797 1133 891 1182 cestre
900 1127 977 1182 castri

178 1183 299 1242 contulit.
319 1187 416 1242 Eodem
427 1195 543 1260 tempore
552 1207 629 1245 mane
640 1189 765 1248 loricatus
774 1211 854 1252 unus
865 1202 978 1274 exlegis

180 1274 213 1314 no
222 1259 362 1316 vernacula
374 1261 407 1316 ad
417 1278 465 1318 nos
473 1261 616 1337 transfugit
625 1274 651 1319 et
660 1266 810 1335 nunciavit,
829 1273 977 1347 Pompeium

179 1332 479 1404 oppidanosUcuhenses
488 1339 786 1412 convocassseisqueita
796 1344 976 1418 imperavisse,

179 1415 218 1472 ut,
230 1407 366 1482 diligentia
375 1407 501 1476 adhibita,
508 1413 697 1484 perquirerent,
710 1416 760 1486 qui
771 1429 868 1476 essent
877 1440 978 1478 suarum

178 1483 295 1553 partium
305 1483 420 1557 itemque
429 1485 639 1560 adverseriorunr
648 1487 772 1544 victoriae
780 1490 924 1560 lautores„
937 1500 979 1552 llos

113 1613 116 1617 ,
178 1557 316 1627 praeterito
325 1567 449 1630 tempore,
459 1559 489 1615 in
497 1559 603 1630 oppido,
614 1561 687 1632 quod
694 1561 744 1618 fuit
753 1573 882 1637 captum,
894 1589 979 1627 servus

179 1637 219 1684 est
230 1631 377 1702 prehensus
395 1635 424 1689 in
437 1634 567 1698 cuniculo,
591 1651 672 1707 quem
685 1651 768 1708 supra
784 1639 980 1700 demonstrau-

179 1721 249 1770 mus‚
271 1705 409 1762 dominum
427 1707 577 1781 iugulasse:
605 1708 630 1763 is
652 1710 731 1764 uuus
750 1720 792 1766 cst
811 1719 979 1774 combustus.

179 1777 305 1850 Idemque
323 1781 447 1852 temporis
463 1783 628 1838 centuriones
644 1782 744 1838 loricstl
757 1793 819 1842 octo
840 1791 878 1846 ed
892 1794 979 1848 Cessa-

178 1869 233 1906 rem
257 1853 453 1928 transfugerunt
469 1872 503 1910 ex
524 1855 626 1929 legione
648 1858 804 1924 vernacule,
831 1872 860 1918 et
883 1869 980 1939 equites

179 1926 259 1978 nostri
274 1943 336 1982 cum
350 1927 559 1984 adversariorum
574 1930 708 2000 equitibus
723 1939 866 2007 congressi
883 1949 980 1996 suntet

177 1997 259 2054 saucii
279 2000 379 2072 aliquot
396 2003 545 2058 occiderunt
556 2021 590 2058 ex
609 2003 660 2058 levi
675 2012 820 2064 armenus.
850 2011 894 2067 Ea
913 2023 979 2070 noae

177 2071 351 2143 speculatores
370 2077 492 2146 prehensi
511 2078 580 2133 servi
598 2085 663 2142 tres,
683 2086 709 2133 et
726 2095 801 2134 unus
819 2099 858 2139 ex
881 2086 979 2161 legione

178 2145 327 2202 vernacula.
347 2147 419 2204 Servi
430 2160 494 2205 sunt
503 2151 531 2206 in
540 2160 644 2207 crucem
653 2151 760 2218 sublati,
772 2155 858 2212 militi
865 2164 978 2218 cervices

177 2219 305 2276 abscisae.

230 2295 306 2350 XXI.
326 2296 430 2351 Postero
440 2296 482 2352 die
492 2302 594 2368 equites
603 2316 665 2354 cum
679 2298 730 2354 levi
740 2309 881 2360 armatura
892 2325 927 2364 ex
937 2309 978 2363 ed·

175 2369 351 2424 versariorum
361 2370 763 2445 castrisadnostrsnslugerunt.
784 2375 978 2453 Eteotempore

174 2439 277 2495 circiter
286 2442 326 2496 Xl
334 2444 434 2514 equites
444 2443 479 2498 ad
491 2452 629 2515 aquatores
643 2454 745 2500 nostros
755 2464 975 2518 excucurrerunt,

171 2513 318 2568 nonnullos
332 2515 523 2582 interfecerunt,
544 2517 606 2572 item
621 2518 688 2574 ulios
702 2520 778 2576 vivos
793 2523 975 2584 uideremus.
1004 2579 1005 2588 ,

175 2582 215 2636 Ex
233 2587 368 2656 equitibus
381 2590 447 2660 eapti
464 2597 526 2644 sunt
544 2588 646 2662 equites
665 2593 734 2647 Vlll.
764 2595 925 2668 Insequenti
937 2603 976 2657 die
