2072 2998
332 171 403 217 LIB.
417 171 483 219 vm.
513 171 592 218 CAP.
607 171 649 218 15.
835 170 885 223 bit

81 281 122 328 tas
132 277 207 328 tanto
222 267 299 324 collis
313 269 443 326 adscensu
457 269 621 326 lacessendos
631 271 778 342 iudicabat;
799 291 887 346 neque

81 364 137 402 non
146 359 237 416 usque
249 360 281 398 eo
289 342 404 471 lapiones
414 345 601 412 admovendas,
622 353 652 402 ut
664 346 797 402 disoedere
809 364 843 404 ex
856 365 887 402 eo

81 422 139 477 loco
153 419 214 474 sina
226 418 343 489 poricuc
356 418 471 484 barbari,
491 419 622 474 militibus
641 420 810 485 instantibus,
833 438 885 476 non

80 499 203 568 possent.
225 493 274 557 lta,
294 507 380 564 quum
398 493 496 564 palude
514 493 639 565 impedita
658 511 672 548 a
693 495 786 549 castris
802 503 887 549 castra

81 568 282 631 dividerentur,
305 583 375 638 quaa
395 567 550 624 transeundi
568 567 709 624 difficultas
730 568 887 623 celeritatem

81 640 246 714 insequendi
255 639 358 696 cidara
366 649 467 714 posset3
489 648 568 714 atque
580 642 608 698 id
618 642 721 732 iugum,
733 643 886 715 quodtrans

82 715 212 791 paludem
222 731 306 788 poena
319 714 353 770 ad
367 715 484 771 hostium
498 724 583 772 castra
595 725 744 789 pertineret,
760 717 886 772 mediocri

82 791 155 849 valle
174 808 190 846 a
208 789 303 844 castris
315 805 407 845 eorum
421 790 574 846 intercisum
588 793 708 848 animum
727 791 885 848 adverteret:

82 865 214 940 pontibus
223 861 321 936 palude
330 870 468 929 constrata,
480 862 595 938 legiones
603 865 748 922 transducit
757 866 887 922 celeriter-

84 956 139 1013 que
154 939 183 996 in
196 953 334 1014 summam
345 936 481 1010 planitiem
496 939 552 1013 iugi
565 940 693 1012 pervenit,
713 957 783 1014 quae
791 940 887 996 declivi

83 1013 192 1088 fastigio
201 1011 308 1070 duobus
318 1009 487 1068 oblatoribus
496 1013 672 1070 muniebatur.
687 1014 728 1070 lbi
737 1015 886 1089 legionibus

83 1087 232 1153 instructis,
254 1085 290 1141 ad
303 1083 428 1142 ultimum
441 1085 536 1162 iugum
554 1088 682 1160 pervenit,
703 1090 839 1163 aciemque
856 1106 887 1144 ec

85 1164 142 1220 loco
150 1160 295 1226 constituit,
316 1159 389 1218 unda
405 1168 534 1218 tormento
552 1162 635 1219 missa
652 1161 704 1219 tela
723 1163 751 1220 in
769 1165 886 1220 bostium

84 1254 186 1296 mneos
195 1234 290 1294 coniici
301 1241 416 1306 possent

139 1386 203 1443 XV.
222 1383 339 1451 Barbari,
360 1384 452 1442 conlisi
472 1384 521 1440 loci
539 1391 642 1450 natura,
663 1401 749 1458 quum
761 1386 888 1442 dimicare

86 1479 140 1519 non
149 1466 311 1526 recusarent,
332 1458 356 1514 sl
365 1458 429 1516 iorta
438 1459 550 1515 Romani
560 1459 651 1514 subire
660 1459 752 1515 collem
762 1477 888 1516 conaren-

84 1547 138 1604 tur,
154 1533 349 1609 paullatimque
361 1534 450 1608 copias
465 1533 620 1588 distributas
634 1532 765 1588 dimittere
778 1551 831 1588 non
841 1551 888 1588 nu-

53 1619 60 1627 ‘
84 1613 188 1677 derant,
210 1626 244 1666 ne
257 1607 370 1682 dispersi
384 1608 610 1682 perturbarentur,
629 1605 656 1661 in
667 1607 722 1662 acie
736 1623 889 1678 permanse-

85 1693 161 1752 runt.
181 1683 302 1752 Quorum
311 1683 454 1756 pertinacia
463 1683 558 1740 Ceasar
567 1681 680 1756 cognita,
692 1681 786 1754 viginti
796 1681 889 1737 cobor-

86 1761 161 1816 tibus
170 1758 305 1814 instructis
314 1759 460 1830 castrisque
469 1775 499 1814 eo
510 1757 567 1813 loco
576 1755 690 1822 metatis,
706 1756 805 1810 muniri
816 1756 890 1811 iubet

85 1841 184 1892 castra.
196 1832 333 1890 Absolutis
343 1831 476 1904 operibus,
484 1833 600 1918 legiones
610 1847 658 1902 pro
667 1830 737 1886 vallo
748 1831 889 1885 instructas

84 1909 208 1966 collocat:
229 1907 332 1980 equites
342 1906 449 1963 frenatis
462 1923 538 1980 equis
553 1907 581 1963 in
591 1905 751 1962 stationibus
761 1906 888 1978 disponit.

84 1980 232 2048 bellovaci,
262 1999 349 2054 quum
367 1982 499 2038 Romanos
517 1981 552 2036 ad
570 1981 765 2054 insequendum
785 1988 889 2054 paratos

85 2060 216 2122 viderent,
238 2073 326 2128 neque
344 2063 494 2128 pernoctare
507 2057 565 2112 sine
577 2055 704 2129 periculo,
724 2065 771 2111 aut
788 2057 889 2112 diutius

83 2147 244 2208 permanere
252 2131 311 2185 sine
319 2131 426 2186 cibariis
434 2131 526 2186 eodem
537 2130 592 2188 loco
601 2139 719 2205 possent,
738 2131 790 2186 tale
802 2132 890 2186 consi·

83 2209 152 2265 lium
167 2205 213 2262 sui
225 2204 368 2276 recipiendi
384 2205 508 2262 inierunt.
528 2207 632 2273 Fasces,
653 2206 692 2262 uti
706 2206 887 2270 consederant,

82 2285 215 2359 (namque
228 2279 257 2333 in
273 2279 327 2334 acia
341 2279 431 2336 sedere
439 2279 529 2336 Gallos
538 2297 687 2347 consuesse,
707 2279 889 2353 superioribus

82 2353 286 2415 commentariis
296 2352 456 2410 declaratum
470 2355 516 2428 ast)
530 2362 734 2412 stramentorum
748 2352 890 2426 aovirgul-

81 2441 183 2498 torum,
192 2443 311 2502 quorum
322 2443 427 2482 summa
437 2436 491 2483 erat
503 2429 530 2484 in
541 2429 632 2484 eastris
641 2429 725 2500 copia,
737 2442 890 2498 parmenus

83 2510 153 2566 inter
163 2500 358 2568 setransditos,
380 2509 439 2558 ante
450 2504 532 2558 aciem
542 2502 743 2566 collocaverunt,
759 2507 891 2556 extremo·

82 2600 137 2656 que
147 2589 270 2650 tempore
282 2575 344 2641 diei,
366 2576 443 2650 signo
455 2577 636 2650 pronunciata,
658 2593 712 2630 uno
722 2583 837 2646 tempore
849 2575 891 2630 in-

82 2657 246 2714 cenderunt.
266 2651 305 2704 lta
319 2651 455 2708 continens
464 2651 572 2708 flamma
583 2651 771 2723 eopiasomnes
786 2657 891 2722 repente
934 2671 939 2678 “
