2064 2996
336 171 410 216 LIB.
424 172 447 216 1.
477 173 554 219 CAP.
569 178 594 223 o.
607 177 632 225 l.
869 181 886 234 5

84 261 126 326 uti,
146 263 242 320 eodem
256 268 300 322 usi
314 269 435 336 oonsilio,
457 272 561 344 oppidis
574 276 631 330 suis
642 278 761 354 vicisque
772 287 881 353 exustis,

81 351 131 391 uua
140 354 203 394 curn
216 340 252 396 iis
267 344 483 414 proficiscantur:
508 348 644 423 Baiasque,
669 356 716 425 qui
730 363 801 412 trans
814 360 882 416 ilhe-

76 425 139 464 num
149 413 321 474 incoluerant
331 419 502 492 erin-agrum
517 423 641 480 Noricum
660 431 815 487 transierant
830 436 884 490 No-

74 484 214 569 reiamque
228 502 429 566 oppugnarent,
451 505 565 570 reseptos
579 500 612 556 ad
625 519 654 556 se
665 503 749 561 socios
767 507 817 562 sibi
836 510 884 564 ad-

71 571 201 618 scrscunt.

124 635 171 692 Vl.
194 639 284 696 Erant
300 643 413 699 omnino
429 643 522 700 itinera
539 646 605 714 duo,
626 652 725 722 quibus
742 653 881 712 itineribus

70 705 238 770 domoexirs
250 726 373 787 possent:
394 736 481 774 unum
493 737 541 792 per
549 721 690 794 Sequanos
703 738 847 801 augustum
856 741 881 786 et
896 741 899 749 “

68 781 190 854 difficile,
207 790 280 846 inter
288 801 407 848 montem
416 793 505 849 Iuram
513 805 539 850 et
546 795 644 854 llumen
654 802 820 866 Rhodanum.
832 807 880 862 vix

66 873 121 928 qua
134 861 246 936 singuli
259 866 327 920 carri
339 867 510 937 duoarentur;
534 887 610 926 mons
628 883 714 932 autem
734 877 879 936 altissimus

66 930 256 1006 impendebat,
271 948 303 996 ut
310 939 386 996 facila
393 945 517 1014 perpauci
529 947 666 1017 prohibere
674 963 792 1023 possent:
815 955 879 1010 alte-

65 1023 128 1064 rum
138 1029 191 1083 per
204 1015 374 1087 provinciam
387 1025 513 1085 nostram,
529 1021 613 1078 multo
624 1023 727 1081 laoilius
740 1037 818 1100 atque
831 1047 878 1085 ex-

64 1084 198 1156 peditius,
214 1097 353 1162 propterea
365 1092 438 1163 quod
446 1093 621 1152 Helvetiorum
635 1100 701 1155 inter
714 1102 780 1156 siuas
793 1114 818 1158 et
830 1105 877 1159 Al-

65 1157 225 1236 lobrogum,
247 1165 297 1236 qui
307 1182 393 1236 nuper
400 1169 484 1238 pacati
494 1179 575 1237 erant,
596 1173 739 1231 Rhodanus
752 1176 818 1244 lluit,
838 1181 876 1234 is-

66 1250 119 1304 que
128 1239 275 1294 nonnullis
285 1238 349 1294 loois
358 1241 426 1296 vado
436 1243 570 1301 transitur.
584 1247 739 1306 Extremum
748 1254 876 1324 oppidum

65 1308 247 1387 Allobrogum
273 1321 314 1368 est
337 1316 544 1390 proximumque
566 1322 741 1380 Helvetiorum
764 1327 872 1394 finibus,

66 1382 187 1444 Geueva.
207 1389 655 1464 Exeooppidoponsad·Helvetios
663 1401 783 1471 pertinet.
802 1403 877 1458 Allo-

67 1455 198 1534 brogibus
208 1480 269 1518 sese
279 1463 321 1519 vel
331 1482 511 1536 persuasurus,
527 1471 598 1541 quod
610 1475 729 1528 nondum
738 1476 807 1532 bono
816 1478 875 1532 ani-

67 1549 112 1590 mo
127 1538 155 1593 iu
169 1537 306 1611 populum
324 1539 474 1598 Romanum
493 1543 651 1612 viderentur,
672 1549 870 1618 existimabam

67 1609 109 1664 vel
123 1613 150 1668 vi
165 1623 314 1679 eoacturos,
336 1622 366 1669 ut
378 1633 426 1687 per
438 1635 501 1673 suos
515 1618 581 1672 dues
594 1637 638 1674 eos
657 1621 693 1675 ire
713 1631 873 1693 paterentur.

68 1681 202 1743 Omnibus
216 1689 301 1743 rebus
315 1689 349 1743 ad
362 1691 546 1761 prosectionem
559 1696 728 1766 eomparatis,
749 1697 819 1753 diem
832 1699 873 1754 di-

66 1769 139 1826 eunt,
156 1781 212 1835 qua
221 1763 266 1818 die
280 1762 315 1818 ad
328 1763 413 1836 ripam
425 1766 545 1822 llhodani
554 1785 645 1825 omnes
659 1773 828 1829 eonveniaut:
849 1775 872 1830 is

67 1832 123 1891 dies
132 1845 188 1892 erat
196 1857 222 1894 a.
234 1837 263 1893 d.
277 1839 309 1894 V.
320 1838 381 1893 Kal.
391 1841 456 1912 Apr.
466 1843 498 1897 L.
510 1843 610 1912 Pisone,
628 1844 661 1902 Α.
674 1846 786 1905 Gabinio
796 1850 869 1906 Coss.

122 1913 179 1968 v11.
201 1913 309 1970 Caesari
319 1931 406 1984 quum
415 1915 443 1969 id
452 1918 606 1975 nunciatum
615 1929 691 1987 esset,
704 1939 747 1978 eos
755 1941 802 1995 per
810 1941 872 1998 pro-

65 1987 182 2042 vineiam
196 1996 319 2043 nostram
337 1988 386 2043 iter
401 1988 484 2046 faeere
501 1995 602 2061 oonari,
623 2005 737 2052 maturat
753 1999 787 2053 ab
804 2001 871 2055 urbe

64 2062 209 2132 prolieisoi3
226 2071 265 2128 et,
283 2081 368 2134 quam
378 2066 502 2121 maximis
512 2077 594 2138 potest
605 2070 752 2138 itineribus,
769 2074 796 2128 in
807 2075 870 2129 Gal-

66 2133 129 2192 liam
140 2137 295 2193 ulteriorem
306 2138 439 2193 oontendit
447 2149 473 2194 et
481 2141 514 2196 ad
523 2143 655 2200 Genavam
663 2148 795 2216 pervenit:
809 2167 870 2220 pro-

65 2211 223 2270 vinciaetoti
237 2231 325 2288 quam
338 2213 485 2269 maximum
498 2225 581 2287 potest
597 2220 713 2275 militum
728 2239 869 2278 numerum

68 2286 183 2359 imperat:
198 2289 264 2362 (erat
273 2286 385 2342 omnino
394 2288 421 2342 in
433 2289 518 2346 Gallia
527 2291 647 2348 ulteriore
656 2291 724 2366 legio
733 2297 795 2368 una)
803 2314 870 2368 pou-

43 2387 49 2398 ·
67 2370 126 2430 tem,
142 2363 191 2435 qui
203 2369 261 2420 erat
271 2361 307 2416 ad
316 2361 459 2428 Geoevnm,
477 2365 548 2421 iubet
561 2368 683 2422 rescindi.
703 2367 755 2422 Ubi
768 2369 869 2426 deeius

67 2435 177 2494 adventu
190 2436 309 2494 Helvetii
329 2436 449 2492 certiores
465 2438 526 2494 laeti
544 2451 620 2508 suut,
641 2441 738 2513 legatos
756 2442 790 2498 ad
807 2463 870 2501 eum

67 2513 184 2578 mittunt,
210 2510 397 2568 nobilissimos
415 2511 540 2581 elvitatis,
565 2516 642 2570 euius
662 2515 798 2585 legationis
816 2521 870 2573 Na-

66 2587 145 2643 meius
155 2596 182 2646 et
192 2585 372 2644 Verudoetius
381 2587 527 2658 principem
541 2589 629 2642 locum
639 2587 800 2655 obtinebant,
821 2591 870 2661 qui

66 2659 190 2729 deant,
210 2665 265 2718 sibi
279 2665 374 2716 esseio
386 2667 481 2726 altimo,
497 2667 553 2717 aine
563 2665 617 2717 ullo
628 2663 755 2728 arolefieio
766 2667 816 2716 tter
822 2679 871 2729 per
