2072 2998
325 143 398 190 LIB.
411 143 454 191 VI.
483 144 563 191 CAP.
578 143 620 191 tt.
817 143 865 195 ΗΒ

65 243 209 302 Aduatucis
218 241 329 307 udisset,
346 239 559 316 depbpulendem
569 244 664 298 mittit:
684 246 742 316 ipss
753 261 815 301 eum
825 264 867 302 rs·

66 320 146 394 liquis
157 320 246 374 tribus
255 317 290 374 ed
300 315 534 387 ilumeuSeeldem‚
541 318 614 391 quod
623 317 712 374 influit
721 317 864 386 intissam,

66 405 250 466 extremusque
259 392 418 449 Arduennae
429 392 511 464 partis
526 393 564 448 ire
576 393 720 458 constituit,
741 410 795 464 quo
804 411 866 450 eum

64 471 154 544 paucis
162 468 303 542 diuitibus
315 467 459 540 prefectum
469 467 651 542 Ambiorigem
661 468 794 530 audiebat.
808 469 868 522 Dis-

6 585 7 588 *
61 547 166 611 edens,
188 551 250 616 post
268 542 340 598 diem
355 543 498 614 septimum
508 559 564 598 sese
573 559 753 608 reversurum,
771 543 873 604 oenus,

5 629 8 654 '
61 629 129 676 mut:
151 635 237 692 quam
247 617 282 672 ed
290 617 363 673 diem
374 617 513 691 eilegioni‚
529 634 598 690 ques
607 617 636 674 in
645 617 777 690 praesidio
786 617 868 673 relin-

60 696 204 769 quebatur,
215 692 380 748 frumentum
389 691 479 748 deberi
488 692 595 749 sciebat.
616 692 867 749 LabienumTrsbo-

61 773 195 842 niumque
205 769 334 832 hortetur,
355 767 379 820 si
389 766 552 837 reipublicae
564 767 867 854 eommodofeeerepoe·

60 847 124 908 sint.
131 845 167 900 ed
178 861 239 899 enm
252 841 322 896 diem
334 848 512 909 revertentur3
523 849 562 907 ut,
569 859 663 897 rursus
672 850 866 898 eommunreeto

60 919 183 985 oonsilio,
205 915 402 988 exploratisque
411 915 529 972 hostium
542 917 699 983 rationibus,
719 916 865 986 aliudbelli

60 996 171 1052 initium
179 1005 273 1063 capere
282 998 399 1062 possent.
759 1034 761 1038 .

117 1067 246 1124 XXXIV.
266 1065 340 1131 Erat,
359 1073 484 1137 utsupra
497 1064 746 1131 demonstravimus,
767 1083 864 1123 manus

60 1151 131 1200 mnu
139 1140 224 1208 nulla,
236 1157 291 1196 uon
299 1139 438 1212 oppidum,
451 1156 505 1196 uon
514 1140 685 1212 praesidium,
702 1141 775 1214 quod
783 1160 813 1197 se
821 1160 864 1198 nr-

62 1219 116 1273 mis
125 1216 287 1284 deienderst;
299 1213 443 1270 sedomnis
453 1215 481 1270 in
491 1217 573 1286 pertis
582 1215 700 1288 dispsrse
709 1216 861 1274 multitudo.

64 1293 121 1348 Ubi
131 1293 227 1364 cuique
240 1297 288 1347 eut
299 1289 377 1346 vellis
391 1289 489 1355 abdita,
510 1297 557 1345 eut
570 1289 644 1346 loeus
657 1289 796 1357 silvestris,
818 1300 864 1348 eut

64 1366 144 1440 peius
153 1366 287 1440 impedite,
308 1381 384 1436 spem
392 1363 518 1437 praesidii
534 1372 580 1421 aut
593 1364 687 1420 salutis
695 1365 814 1438 aliquem
823 1366 863 1422 of-

10 1437 17 1456 ‘
62 1441 171 1508 ferebat,
181 1440 344 1498 comederat.
364 1440 432 1494 Hnee
445 1439 500 1494 loen
509 1439 691 1495 vicinitatibus
705 1448 780 1494 erem
791 1449 861 1506 note,

60 1531 296 1592 magnumqueres
304 1513 470 1588 diligentiam
477 1505 638 1588 requirebat,
655 1529 709 1567 non
718 1514 746 1568 iu
757 1531 863 1569 summe

58 1593 193 1650 exereitus
205 1589 315 1654 urende,
336 1587 452 1662 (nullum
470 1590 542 1644 enim
560 1594 660 1662 poteret
677 1587 811 1642 universis
829 1589 863 1643 eb

59 1667 205 1756 perterritis
214 1683 247 1752 ee
256 1663 387 1736 dispersis
398 1663 548 1750 periurium
561 1660 685 1736 ueeidsre)
704 1661 752 1717 sed
765 1662 794 1717 in
807 1663 863 1718 sin·
889 1681 896 1686 ·

59 1738 863 1886 {institututumttttttttttit

59 1893 130 1948 dites
138 1890 238 1948 multus
247 1889 357 1963 longius
368 1889 500 1953 evocabit,
520 1896 546 1944 et
559 1889 642 1944 silvae
655 1887 762 1943 ineertis
774 1887 863 1943 oseul-

59 1969 149 2042 tisque
158 1965 300 2022 itineribus
311 1961 440 2018 confutes
454 1962 526 2018 edire
538 1962 723 2036 prohibebunt.
741 1962 771 2027 si
781 1981 863 2038 nego-

59 2044 129 2098 tium
138 2040 232 2098 oonfiei
242 2040 406 2110 stirpemque
415 2037 555 2094 hominum
560 2036 745 2093 sceleratorum
751 2038 862 2094 iuterfiei

59 2117 148 2182 vellet,
166 2114 341 2171 dimittendae
350 2113 440 2184 plures
449 2129 555 2178 manus,
576 2112 773 2185 diducendique
787 2121 862 2168 erant

58 2190 172 2248 milites:
193 2191 217 2246 si
226 2188 361 2245 eontinere
370 2187 403 2242 ed
413 2187 490 2260 signe
503 2186 654 2259 manipulos
667 2186 755 2254 vellet,
776 2195 807 2242 ut
818 2189 861 2243 in-

58 2261 150 2322 stitute
157 2266 224 2321 ratio
234 2271 260 2320 et
268 2262 432 2318 eonsuemdo
440 2263 568 2318 exercitus
578 2263 689 2318 Romani
698 2260 857 2334 postulabat,

58 2341 132 2397 loeus
142 2340 201 2413 ipse
210 2347 266 2396 emt
274 2337 406 2410 praesidio
414 2337 541 2402 berberis,
562 2353 649 2408 neque
661 2353 696 2391 ex
708 2334 809 2390 oseulto
818 2335 861 2388 in-

58 2415 176 2472 sidiandi
194 2421 220 2470 et
236 2414 373 2485 dispersos
390 2411 615 2467 circumveniendi
637 2408 752 2482 singulis
774 2407 862 2464 deerat

58 2491 178 2547 audacia.
198 2488 234 2545 At
243 2489 273 2544 in
283 2485 415 2542 eiusmodi
425 2481 634 2550 difficultatibus,
656 2487 787 2554 quantum
800 2481 862 2535 dili-

57 2566 148 2640 gentia
157 2562 295 2636 provideri
301 2568 408 2633 poterat,
420 2560 621 2632 providebetrrr;
642 2563 673 2610 ut
681 2554 768 2626 potius
776 2555 803 2608 in
814 2573 862 2608 no-

58 2640 142 2697 eeudo
151 2637 255 2714 aliquid
264 2637 436 2703 omitteretur,
449 2635 508 2690 'etsi
522 2633 645 2690 omnium
659 2627 743 2684 enimi
752 2629 786 2683 ed
795 2629 862 2684 ulei-
