2072 2998
189 139 238 192 tet
391 144 441 190 nn
459 141 582 190 seruo
603 142 770 190 ornnroo
807 127 809 135 “

187 253 303 315 tempore
311 243 394 316 pronti
403 243 563 308 viderentur,
570 259 646 298 suem
656 241 768 300 sulutem
777 249 845 298 reete
854 245 986 300 oommirti

185 318 301 376 videbat.
408 323 411 326 '

242 395 298 450 vlt.
318 392 425 448 Interim
437 391 572 446 Lucterius
585 390 730 456 cadomus,
746 391 773 446 in
788 390 909 448 Rutenos
921 395 987 448 mis-

187 485 243 533 sus,
264 486 322 524 esm
341 467 471 522 civitatem
490 466 615 521 Arvernis
626 464 755 520 ooneiliet.
775 467 939 540 Progressus
959 469 984 524 in

187 543 346 616 Nitiobriges
357 551 382 597 et
394 539 518 604 Gobries,
541 541 575 595 sb
589 541 709 611 utrisque
722 539 827 595 obsides
839 543 938 613 ancipit
950 557 982 606 ei,

188 635 283 690 magno
298 625 382 671 ooaota
397 633 487 680 manu,
508 616 536 669 in
549 615 711 686 provinoiem
724 615 877 669 Narbonem
891 633 983 672 versus

187 692 350 764 eruptionem
362 689 444 744 faeere
457 689 598 745 oontendit.
618 688 676 756 Qua
689 705 718 744 re
731 690 866 756 nunciate,
889 690 984 748 Ceesar

186 765 312 821 omnibus
323 762 439 819 oonsiiiis
451 761 664 820 antevertendum
678 762 850 830 existimavit,
861 815 863 822 ,
874 773 906 820 ut
919 767 984 822 Nur·

186 841 282 896 honem
304 837 518 911 proficisoeretur.
541 839 580 893 Eo
600 855 686 910 quum
707 838 836 903 venisset,
861 839 982 896 timentes

186 914 331 980 confirmat,
351 911 479 986 praesidia
494 913 522 968 in
536 911 645 968 Rutenis
659 911 877 984 provincialibus,
897 915 983 972 Volcis

187 988 352 1053 Areoemieis
375 987 547 1053 Tolosatibus,
568 987 720 1060 circumque
732 986 896 1056 Narbonem,
916 1006 982 1062 quse

187 1063 241 1118 loce
255 1061 375 1118 hostibus
390 1071 463 1118 erant
475 1062 596 1128 finitima,
611 1061 757 1116 constituit:
776 1066 982 1137 purtemoopiu·

187 1155 247 1193 rum
257 1155 290 1192 ex
299 1137 434 1210 provincie
443 1135 840 1209 supptementumque,quodex
849 1137 929 1195 italis
938 1139 982 1195 ed-

186 1211 305 1276 dumrat,
322 1212 348 1268 iu
359 1211 472 1278 Helvios,
488 1212 536 1284 qui
546 1209 799 1267 finesbrvemorum
809 1213 981 1290 ‚eontingunt

185 1287 324 1344 convenire
333 1286 414 1343 iubet.

241 1353 308 1418 VIII.
329 1363 375 1416 His
388 1361 467 1417 rebus
477 1360 642 1432 eommunis,
658 1376 775 1432 represso
788 1359 843 1414 iem
862 1361 984 1420 Lucterio

186 1445 212 1494 et
221 1447 327 1502 remoto,
361 1437 414 1492 uod
424 1437 519 1492 intrare
528 1435 596 1490 intra
605 1433 734 1508 praesidis
742 1434 925 1507 periculosum
932 1455 985 1511 pn·

186 1513 266 1580 tabet,
282 1514 309 1569 in
319 1455 424 1569 Hhhvios
434 1511 619 1584 proficiscitur:
640 1509 688 1565 etsi
697 1526 774 1566 mons
783 1509 920 1575 Cevenna,
936 1514 984 1586 qui

186 1590 317 1646 Arvernos
327 1588 361 1645 eh
370 1587 468 1644 Helviis
478 1585 610 1651 discludit,
624 1584 767 1640 durissimo
776 1591 895 1656 tempore
907 1589 982 1654 unni,

186 1665 313 1720 altissima
323 1664 384 1720 nive
393 1663 442 1718 iter
450 1659 621 1733 impediebat:
636 1667 721 1714 temen
730 1659 850 1714 discussa
860 1660 926 1717 nive
936 1679 985 1719 sex

186 1739 214 1794 in
224 1739 387 1794 altitudinem
397 1737 495 1810 pedum
504 1744 582 1808 atque
595 1735 629 1790 ito
644 1733 695 1789 viis
708 1733 849 1806 patefeetis,
874 1753 985 1793 summo

103 1849 106 1856 ι
186 1813 302 1869 mili'snm
315 1811 520 1868 leboreedfines
536 1812 712 1865 Arvernorum
724 1809 856 1880 pervenit.
875 1809 983 1879 Quibus

185 1886 543 2025 btbtrttttttttbb
552 1883 980 2034 tbgttttttttbttb

185 2033 287 2088 homini
303 2051 333 2088 eo
347 2041 462 2106 tempore
478 2035 540 2090 enni
555 2035 662 2089 semitae
675 2041 820 2106 patuerant,
842 2037 980 2108 equitibus

185 2107 305 2178 imperet,
315 2115 353 2172 ut,
366 2125 446 2180 quem
458 2108 584 2164 letissime
592 2107 702 2180 possint,
719 2115 849 2182 vagentur
860 2119 887 2165 et
896 2127 979 2185 quem

185 2183 334 2237 maximum
352 2181 473 2238 hostibus
489 2192 612 2238 terrorem
632 2181 752 2240 inierant.
777 2182 902 2243 Celeriter
916 2186 981 2242 bueo

183 2252 254 2310 ieme
266 2255 410 2312 renunciis
418 2257 451 2312 ed
457 2259 692 2332 Vercingetorigem
701 2256 883 2334 perferuntur:
898 2277 978 2334 quem

182 2331 312 2400 perterriti
320 2346 411 2385 omnes
418 2330 530 2389 Arverm
538 2333 734 2388 circumsistunt
742 2339 821 2404 atque
829 2333 976 2403 obsecrent,

182 2413 214 2458 ut
223 2407 280 2462 suis
288 2403 400 2461 fortunis
408 2408 537 2473 consulat,
551 2423 603 2462 neu
615 2423 644 2461 se
653 2407 688 2461 eb
703 2405 825 2462 hostibus
837 2405 919 2482 diripi
932 2427 978 2484 pe·

182 2478 276 2537 tietur:
296 2480 449 2554 praesertim
462 2497 547 2555 quum
566 2479 661 2546 vident,
681 2497 760 2537 omne
777 2481 811 2536 ed
829 2497 859 2538 se
877 2481 977 2540 bellum

182 2554 348 2632 translatum.
368 2551 487 2620 Quorum
496 2555 541 2611 ille
548 2555 671 2628 precibus
682 2563 825 2627 permotus,
845 2566 932 2616 resur
945 2577 977 2615 ex

182 2624 345 2704 Biturigibus
354 2632 478 2689 movetin
487 2631 618 2688 Arvernos
626 2643 726 2686 versus
