2064 2996
307 154 414 199 L1a.1.
433 154 523 201 'CAI’⁸
537 155 579 200 tt.
593 156 636 201 2⁰.
834 149 865 200 l3

72 253 166 308 mamix
175 253 305 328 praeerat)
329 259 446 323 eorums
431 259 495 323 supe
513 256 641 324 reliquum
655 271 707 308 ease
725 258 868 326 equitatum

68 335 237 396 perterritam.

117 403 191 458 XIX.
213 402 322 468 Quibus
336 401 417 456 rebus
429 389 550 473 ‘edomitis
569 419 655 475 quum
672 401 705 457 ad
719 401 766 456 has
778 403 867 474 suspi-

68 477 148 532 ciones
157 477 325 532 certissimae
335 493 378 530 res
389 475 546 541 secederent,
558 477 629 548 quod
640 493 713 548 perr
696 477 713 530 s
716 493 762 530 nes
767 475 869 548 Sequa

69 568 157 608 norum
170 551 307 606 Helvetios
321 550 525 616 transduxisset,
539 551 611 624 qued
623 551 728 606 obsides
743 551 867 604 intereos

11 632 18 654 '
69 625 163 682 dandos
176 634 305 690 curasset,
321 625 395 697 (prod
407 641 438 679 ea
450 625 537 680 omnia
552 643 603 680 non
616 626 694 681 mode
705 626 809 680 iniussu
819 642 868 679 suo

70 709 93 754 et
101 701 222 766 civitatis,
240 700 375 754 sedetiam
386 699 559 754 inscientibus
570 700 633 772 ipsis
644 699 753 766 iecisset,
770 699 868 772 quoda

69 775 223 848 magistratu
240 773 395 830 Aeduorum
413 783 590 830 accusaretur:
610 777 673 830 satis
689 793 746 830 esse
759 791 867 830 caussae

66 849 251 911 arbitrabatur,
273 865 357 921 quare
376 848 405 902 in
423 863 485 902 eum
504 857 549 903 aut
566 849 623 921 ipse
639 849 865 914 animadverteret,

65 932 108 978 aut
118 925 257 980 civitatem
268 923 478 978 animadvertere
490 923 600 979 iuberet.
619 925 667 978 llis
683 924 808 980 omnibus
824 941 867 978 re-

65 998 114 1054 bus
123 1015 215 1054 unum
225 997 400 1072 repugnabat,
416 997 487 1070 quod
497 998 615 1054 Divitiaei
629 997 715 1054 fratris
729 1015 867 1054 summum

66 1091 92 1128 m
101 1072 237 1146 populum
246 1073 399 1128 Romanum
409 1072 537 1138 studium
550 1089 683 1129 summam
693 1091 721 1129 ιιι
731 1091 760 1128 se
769 1073 867 1130 volun

65 1156 155 1214 tatem,
182 1148 317 1222 egregiam
337 1146 426 1212 fldem,
448 1146 585 1214 iustitiam,
606 1149 804 1236 temperantiam
823 1163 866 1202 eo-

66 1229 208 1296 gnoveret:
227 1239 301 1287 nam,
314 1239 349 1276 ne
361 1221 685 1294 eiuesupplieiollivitiaci
699 1221 868 1278 animumoi-

66 1296 192 1363 tenderet,
207 1298 359 1352 verebatur.
384 1297 475 1368 ltaque
489 1297 646 1370 priusquam
662 1297 810 1370 quidquam
824 1313 869 1350 co·

66 1379 184 1437 naretur,
202 1371 363 1428 Divitiacum
377 1370 409 1425 ad
424 1372 550 1427 maerori
564 1373 636 1428 iubet
651 1382 684 1436 et
707 1371 868 1458 quotidianis

68 1447 254 1520 interpretibus
262 1445 382 1510 remotrs
390 1445 480 1532 ’per.C
489 1445 622 1502 Valerium
631 1446 781 1510 Procillum,
794 1446 868 1517 prin-

12 1563 13 1566 *
67 1522 152 1593 cipem
163 1521 263 1578 Galliae
275 1536 436 1593 provinciae
458 1519 614 1575 familiarem
627 1537 717 1586 suum,
738 1521 781 1574 eui
794 1537 869 1572 sum·
900 1533 902 1539 ·

67 1613 139 1650 mam
150 1597 274 1652 emnium
286 1608 378 1650 rerum
392 1594 471 1650 fidem
484 1593 611 1660 habebat,
626 1611 687 1650 eum
700 1611 730 1650 eo
742 1592 870 1664 colloqui-

67 1679 132 1724 tur.
146 1670 226 1727 simul
236 1667 446 1738 commonefacit,
468 1686 537 1741 quae
549 1670 606 1741 ipso
618 1677 752 1741 praesente
765 1668 794 1722 in
807 1683 869 1722 con-
875 1681 877 1687 ·

68 1744 129 1800 cilio
143 1745 280 1801 Gallorum
297 1743 332 1800 de
351 1744 512 1830 Dumnorige
530 1744 585 1799 sint
602 1743 682 1810 dicta,
703 1752 729 1799 et
745 1739 866 1808 ostendit,

69 1836 138 1892 quae
155 1821 298 1892 separatim
318 1817 455 1906 quisqee'
449 1817 481 1874 de
495 1836 526 1874 eo
540 1818 611 1892 apud
630 1835 658 1874 se
675 1819 784 1874 dixerit:
796 1818 870 1905 petit

69 1901 147 1966 atque
164 1895 294 1960 bortatur,
316 1902 348 1948 ut
361 1893 419 1948 sine
432 1893 490 1948 eius
505 1893 647 1950 offensione
660 1894 742 1949 animi
734 1891 820 1948 vel
812 1910 869 1966 ipse

69 1969 157 2035 deeo,
177 1987 273 2026 caussa
286 1967 406 2042 cognita,
426 1977 535 2036 statuat,
555 1969 598 2025 rel
612 1969 743 2026 civitatem
757 1975 869 2024 statuere

70 2010 165 2100 iubeat’.

123 2119 186 2174 XX.
211 2118 360 2175 Diuitiaene
380 2115 472 2172 multis
493 2134 556 2174 eum
578 2117 705 2184 lacrimis,
732 2120 870 2175 Caesarem

69 2193 229 2266 complexus,
242 2192 382 2249 obsecrare
391 2193 482 2264 eoepit,
496 2199 712 2264 nequidpraeiea
724 2199 870 2263 inpetrem

70 2277 204 2325 statueret:
223 2274 295 2325 seire
304 2285 342 2331 ae,
354 2270 403 2321 tua
416 2283 470 2322 ease
483 2286 554 2334 vere,
575 2285 620 2323 nee
630 2280 782 2338 quemquem
794 2283 829 2321 ec
841 2283 870 2320 eo

69 2345 134 2409 plur,
145 2361 268 2414 quernae,
279 2344 380 2396 doloris
391 2359 488 2410 cepere,
494 2347 718 2434 proptereaqeed,
730 2345 872 2427 quumtpee

70 2423 154 2485 pretio
162 2423 310 2488 plurimam
319 2419 390 2471 comt
399 2422 499 2486 etque
488 2435 517 2472 m
530 2421 633 2486 relique
650 2417 748 2478 Gallie,
764 2417 808 2470 ille
821 2416 898 2468 mi-··

71 2497 163 2548 trimum
178 2502 290 2564 propter
309 2492 508 2545 adelescentiam
524 2499 616 2558 posset.
634 2505 722 2557 perse
738 2493 891 2564 crevissem
898 2434 979 2532 'cem
992 2521 1021 2566 w

72 2571 159 2633 quitur
169 2573 306 2638 epibatae
321 2567 409 2618 terreis
422 2581 473 2618 nen
486 2568 569 2618 selum
583 2567 618 2616 ed
631 2564 795 2614 metaneam
809 2572 886 2626 pro·
925 2575 932 2584 “
949 2572 1006 2596 ’

72 2646 140 2708 tiam,
151 2649 196 2699 aed
203 2658 289 2712 [toene
298 2642 336 2694 ed
345 2642 486 2706 pernitiem
494 2655 569 2692 auem
578 2643 709 2689 uteretur:
727 2647 781 2685 sese
791 2639 867 2683 temer
