2064 2996
175 153 190 202 t
378 157 426 203 ne
448 157 571 202 nunno
596 135 764 204 cacmco

173 256 349 328 principatum
368 257 397 312 in
410 257 512 313 civitate
524 257 656 312 obtinebat
668 273 697 311 ac
710 257 825 312 maxime
842 257 910 329 plebi
927 277 970 314 ao-

1012 109 1020 236 r

172 339 263 401 ceptus
275 340 336 396 erat,
353 342 383 386 ut
396 331 465 386 idem
476 341 625 396 conaretur,
640 333 778 403 persuadet
796 333 873 406 eique
888 333 970 389 filiam
1019 351 1020 356 ¹

173 423 249 458 suam
263 405 291 460 in
306 407 503 461 matrimonium
521 405 574 461 dat.
601 405 722 462 Perfacile
743 405 811 461 lactu
829 425 894 473 esso,
916 409 969 464 illis
1019 409 1020 420 ¹

172 480 273 550 probat,
288 490 378 536 conata
391 481 522 552 perficere,
536 488 670 554 propterea
684 481 756 553 quod
766 483 822 554 ipse
832 499 894 536 suae
903 484 970 537 civi-

172 555 232 609 tatis
251 555 391 628 imporium
409 556 566 629 obtenturus¹
582 564 662 610 esset:
693 573 744 611 non
766 573 823 610 esse
844 557 968 621 dubium,

173 630 237 700 quin
250 631 330 684 totins
340 629 442 685 'Galliae
453 631 599 702 plurimum
613 629 722 686 Helvetii
733 639 851 702 possent:
872 649 900 686 sa
912 634 969 688 suis

172 705 254 774 copiis
267 721 368 776 suoque
379 707 493 760 exercitu
506 705 559 760 illis
578 723 658 778 regna
676 706 884 771 conciliaturum,
905 723 970 783 cop-

173 779 269 832 firmat.
290 779 342 833 Hac
350 780 465 834 oratione
473 779 586 844 adducti,
599 781 666 836 inter
675 797 703 834 se
714 780 792 835 fidem
802 788 827 834 et
836 781 970 836 iusiuran-

172 851 238 906 dum
256 852 319 907 dant
331 861 368 918 et,
393 869 475 926 regno
487 865 622 924 occupato,
643 871 690 926 per
708 857 754 909 tris
775 855 969 926 potentissimos

172 944 202 981 ec
219 927 384 982 firmissimos
396 927 507 1000 populos
520 929 599 983 totius
612 929 712 984 Galliae
729 947 785 985 sese
796 931 874 1002 potiri
892 948 969 1004 posse

172 1009 286 1074 sperant.

226 1076 272 1132 lv.
292 1077 329 1132 Ee
342 1094 382 1132 res
395 1083 426 1132 ut
438 1085 478 1132 est
491 1075 615 1133 Helvetiis
623 1095 671 1149 per
680 1077 807 1134 indictum
819 1080 966 1143 enunciata,

172 1151 290 1206 moribus
302 1152 359 1206 suis
377 1151 556 1227 Orgetorigem
565 1168 607 1206 'cx
623 1152 738 1207 vinculis
751 1170 871 1208 caussam
884 1155 969 1210 dicere

171 1235 323 1301 coegerunt:
344 1227 498 1283 damnatum
510 1245 621 1300 poenam
631 1228 706 1300 sequi
717 1228 858 1300 oportebat,
872 1235 903 1284 ut
912 1230 969 1304 igni

171 1310 337 1359 cremaretur.
357 1303 404 1357 Die
417 1304 554 1358 constituta
568 1320 676 1358 caussae
685 1302 815 1368 dictionis,
831 1303 969 1378 Orgetorix

171 1375 205 1430 ad
215 1376 342 1432 iudicium
351 1395 455 1432 omnem
466 1396 543 1434 suam
552 1377 688 1444 familiam,
701 1377 735 1434 ad
745 1363 884 1434 lrominum
895 1380 970 1436 milia

171 1451 269 1518 decem,
291 1452 410 1526 undique
421 1454 506 1528 coegit
516 1461 541 1509 et
555 1471 647 1510 ornnes
661 1453 767 1508 clientes
782 1453 970 1526 obaeratosque

170 1544 242 1592 succ,
260 1545 373 1600 quorum
383 1547 510 1604 magnum
521 1547 661 1585 numerum
672 1529 791 1590 habebat,
805 1527 894 1580 eodem
905 1545 970 1583 oon-

170 1602 256 1658 duxit:
268 1621 375 1676 percos,
388 1623 422 1660 ne
430 1622 549 1660 caussam
561 1604 664 1667 diceret,
677 1619 705 1656 se
714 1601 818 1672 eripuit.
830 1599 921 1666 Quum
931 1605 970 1658 ci-

170 1678 247 1743 vitas,
255 1679 351 1733 obeam
362 1695 417 1733 reru
427 1679 540 1744 incitata,
548 1679 628 1733 armis
639 1678 680 1730 ius
690 1692 770 1730 suum
777 1675 970 1746 exscqrricona-

170 1760 242 1806 retur
254 1751 503 1824 multitudinemque
516 1751 655 1806 hominum
669 1767 703 1804 ex
715 1749 786 1824 agris
799 1751 969 1825 magistratus

170 1835 298 1898 cogerent,
310 1825 446 1900 Orgetorix
455 1835 575 1881 mortuus
584 1834 636 1880 est:
659 1842 745 1897 neque
755 1825 827 1880 abest
841 1827 966 1899 suspicio,

170 1899 485 1966 utllolvetiiarbitrantur,
493 1900 559 1974 quin
566 1901 621 1972 ipse
629 1900 680 1954 sibi
686 1907 795 1954 mortem
805 1902 967 1958 consciverit.

226 1975 257 2029 V.
279 1975 338 2030 Post
347 1975 404 2031 eius
414 1983 523 2031 mortem
533 1975 617 2030 nihilo
627 1975 717 2030 minus
726 1974 834 2031 Helvetii
846 1975 883 2042 id,
896 1979 969 2050 quod

170 2050 367 2116 constituerant,
379 2049 462 2106 faeere
470 2058 606 2116 conantur,
621 2059 653 2106 ut
661 2068 676 2106 e
685 2051 785 2106 finibus
797 2052 854 2106 suis
863 2061 967 2108 exeant.

169 2123 220 2179 Ubi
233 2125 285 2182 iam
297 2143 325 2180 se
336 2125 369 2180 ad
378 2143 435 2181 eam
448 2143 503 2180 rem
516 2135 619 2198 paratos
630 2127 688 2182 esse
698 2125 815 2181 arbitrati
827 2137 899 2193 sunt,
920 2145 969 2199 op-

168 2199 230 2272 pida
243 2218 291 2256 sua
303 2202 401 2267 omnia,
424 2217 534 2256 numero
545 2201 579 2256 ad
591 2201 738 2267 duodecim,
759 2202 831 2256 vicos
849 2201 883 2256 ed
901 2219 969 2274 qua·

169 2275 334 2349 dringentos,
361 2276 461 2350 reliqua
481 2277 581 2350 private
598 2276 716 2332 aedificia
732 2276 890 2342 incendunt,
911 2277 969 2332 lru-
997 2285 1000 2288 '

169 2359 287 2406 mentum
306 2369 393 2418 omne,
417 2361 517 2425 praeter
538 2351 611 2424 quod
628 2369 718 2406 secum
737 2352 864 2423 portaturi
881 2359 987 2417 erant·

169 2427 336 2494 comburunt,
351 2437 389 2494 ut,
404 2428 513 2484 domum
523 2427 658 2482 reditionis
671 2444 717 2498 spe
728 2426 840 2492 sublata,
855 2426 970 2498 paratio-

169 2519 210 2556 res
220 2501 349 2558 adomnia
360 2503 473 2576 pericula
482 2502 620 2559 subeunda
630 2509 728 2558 essent:
743 2501 822 2556 trium
833 2501 968 2556 mensium

170 2575 259 2631 molita
276 2579 374 2634 cibaria
387 2579 438 2634 sibi
451 2597 585 2653 quemque
596 2577 676 2634 domo
687 2575 775 2632 efferre
784 2576 885 2631 iubent.
906 2577 969 2632 Per-

169 2651 281 2708 suadent
297 2654 421 2711 Rauracis
439 2664 465 2711 et
483 2654 606 2731 Tulingis
624 2661 649 2710 et
668 2652 815 2726 Latobrigis
834 2650 965 2716 finitimis,
