2044 2992
233 132 492 180 HISPANIENSI.
523 133 604 180 cAP.
618 133 661 180 31.
792 131 837 183 514

39 238 115 286 tum.
135 226 227 284 Nostra
237 230 368 300 praesidirr
377 231 480 284 LXXX
489 231 639 286 cohortibus
653 241 677 286 et
689 234 748 288 VIII
761 232 843 288 milli-

39 307 98 360 bus
117 302 249 373 equitum.
272 305 318 368 Ita,
335 321 420 374 quum
436 305 464 359 in
478 313 593 360 extrema
602 306 709 376 planitie
719 307 842 378 Iniquum

39 376 173 434 inlocum
188 377 270 430 nostri
287 378 550 449 adpropinquassent.
571 387 677 450 peretus
692 380 774 434 hostis
788 388 842 435 eret

39 448 173 522 superior,
195 458 226 504 ut
238 451 390 506 transeundi
404 453 528 523 superius
543 454 590 506 iter
600 453 766 508 vehementer
775 461 843 508 esset

9 525 10 558 i
38 523 234 599 periculosum.
255 523 331 589 Quod
341 543 455 595 quuma
470 527 580 582 Caesare
592 534 660 581 esset
677 527 843 582 animadver-

9 601 11 660 ἴ
38 615 117 661 sum,
130 596 237 668 nequid
248 605 342 652 ternuc
351 599 427 670 culpe
437 618 484 654 sue
494 617 570 655 secus
580 600 768 665 admitteretur,
780 619 842 655 eum

39 668 254 728 Iccumdefinire
262 673 354 743 coepit.
379 672 455 739 Quod
471 691 556 745 quum
576 675 713 730 homiuum
733 675 843 730 nuribus

9 749 12 782 ¹
38 751 114 802 esset
123 743 262 809 obiectum,
274 745 414 802 molesteet
423 749 514 802 acerbe
526 749 695 820 accipiebant,
716 766 746 802 se
759 749 843 820 impe·

9 825 11 858 ¹
38 818 108 884 diri,
119 835 173 889 quc
182 819 272 874 minus
281 819 409 891 prceIIum
418 821 544 876 conficere
553 829 669 894 pensent.
689 823 758 877 Haec
770 839 842 876 mora

9 898 12 932 ¹
39 893 209 951 adversarios
219 893 355 950 alacriores
364 895 500 961 efficiebat,
517 895 636 952 Caesaris
649 897 736 968 copies
749 898 843 951 timore

39 965 170 1038 impediri
178 967 212 1022 ad
220 969 438 1023 committendum
452 969 592 1038 proelium.
616 972 654 1025 Ite
665 988 695 1025 sc
707 970 842 1026 efferentes

9 1045 12 1082 ¹
38 1039 214 1112 iniqueIccc,
232 1042 276 1096 sui
285 1049 437 1112 potestatem
445 1041 581 1108 faciehant,
602 1050 632 1098 ut
645 1061 742 1118 magno
753 1052 840 1100 temen

9 1119 12 1156 ¹
38 1113 163 1190 pericuIc
171 1131 290 1169 accensus
299 1131 389 1169 eorum
400 1115 546 1170 haberetur.
557 1117 606 1170 Hic
613 1117 749 1172 decumani
760 1135 842 1173 suurn

9 1193 12 1228 ³
39 1191 145 1249 Iocum,
160 1202 242 1242 cornu
261 1187 394 1252 dextrum,
414 1188 545 1253 tenebunt,
568 1190 706 1245 sinistrum
725 1193 798 1246 tertie
818 1199 843 1245 et

39 1262 140 1336 quieta
151 1259 228 1332 legio,
244 1261 446 1332 itemquecetere
465 1261 745 1334 euxilinetequitetun.
764 1266 841 1320 Proe-

9 1341 11 1378 ¹
38 1332 499 1396 Iiumdamorefeetcccrnmittitur.

9 1415 11 1452 t
101 1409 204 1462 XXXI.
225 1409 272 1462 Hic
281 1408 328 1462 etsi
338 1409 434 1464 virtute
443 1409 524 1462 nostri
538 1408 729 1474 antecedebant,
750 1410 843 1464 edver-

9 1491 10 1522 t
40 1483 109 1542 serii
120 1493 173 1538 see
182 1482 238 1537 loco
249 1482 383 1553 superiore
393 1481 566 1538 defendebant
577 1483 709 1547 ecerrIme,
726 1492 751 1538 et
764 1484 843 1538 vehe-

39 1575 123 1616 mens
134 1555 212 1611 fiebet
220 1556 255 1611 nb
265 1557 384 1628 utrisque
394 1555 500 1620 clamor,
512 1557 677 1629 telorumque
686 1558 770 1614 missu
780 1574 844 1612 ccu-

39 1647 151 1698 cursus,
173 1630 219 1695 sic.
243 1637 273 1686 ut
286 1630 760 1702 prepenostriditfiderentvictoriee:
781 1647 844 1686 con-

39 1721 156 1783 gressus
169 1704 240 1758 enirn
253 1704 393 1770 ememor,
414 1705 514 1775 quibus
529 1705 608 1760 rebus
629 1706 743 1758 maxime
761 1705 843 1760 hostis

39 1785 216 1842 conterretur,
229 1778 256 1833 ic
265 1777 361 1834 coIletu
370 1778 511 1850 perierant
523 1778 680 1834 conditione.
706 1781 796 1849 Itaque
810 1795 844 1834 ex

40 1865 264 1924 utroquegenere
273 1869 387 1925 pugnae,
402 1869 488 1923 quum
500 1849 590 1923 perere
604 1852 726 1906 virtutem
740 1852 774 1908 ed
788 1851 844 1908 bel·

41 1927 158 1986 lendum
166 1926 348 1990 contulissent,
359 1926 475 1998 pilorum
489 1927 574 1981 missu
590 1927 642 1982 fixa
656 1926 807 1982 cumuletur
819 1933 844 1982 et

38 2000 159 2061 concidit
176 2000 386 2056 adversariorum
408 2000 558 2055 multitudo.
588 2001 712 2055 Dextrum
731 2001 844 2058 demon·

40 2075 192 2134 strevaus
200 2075 361 2130 decumanos
373 2091 456 2128 cornu
474 2075 602 2131 cnunse:
627 2075 685 2146 qui
704 2076 752 2130 etsi
771 2082 845 2130 erent

40 2149 133 2225 pauci,
140 2157 227 2204 temen
236 2152 468 2220 proptervirtutem
479 2165 575 2221 magno
585 2147 845 2204 edversariostimnre

41 2238 140 2281 eorum
149 2238 226 2291 opere
239 2223 402 2286 adficiebeut
418 2222 490 2294 quod
504 2241 517 2276 e
532 2239 581 2276 suc
595 2223 649 2278 loco
663 2224 750 2278 hostes
765 2223 845 2277 vehe-

42 2303 150 2355 menter
159 2311 275 2364 premere
284 2305 433 2370 coeperunt,
449 2304 478 2351 ut
486 2296 520 2351 ad
529 2296 691 2360 subsidium,
710 2313 744 2351 ne
758 2297 791 2350 eb
806 2295 844 2348 Ie-

41 2382 100 2429 tere
115 2369 198 2423 nostri
209 2379 374 2440 occuparent.
397 2371 464 2442 legio
483 2369 692 2426 edversanorum
709 2367 844 2432 transduci

40 2450 137 2517 coepte
147 2441 183 2496 sit
192 2442 226 2497 ed
235 2442 457 2510 dextrum.'Quae
471 2443 552 2497 simul
565 2451 604 2497 cst
613 2451 692 2508 mute,
713 2443 844 2514 equitatus

42 2517 168 2580 Caesaris
177 2516 314 2572 sInistrum
326 2527 406 2572 cornu
421 2534 537 2589 premere
550 2518 643 2590 coepit.
664 2519 698 2572 At
715 2518 733 2572 ii
747 2517 843 2572 eximie

42 2597 146 2654 virtute
159 2591 289 2662 proelium
307 2590 390 2648 Iacere
408 2591 547 2663 incipiunt,
568 2599 598 2646 ut
612 2591 683 2650 locun
698 2592 726 2648 in
739 2592 793 2648 eeie
811 2592 845 2648 ed
