2078 2996
196 133 264 222 ³08⁴
423 175 472 220 nu
494 175 616 220 sunno
636 173 754 220 crvier
792 149 796 154 ’

248 275 361 330 XXXV.
381 273 436 342 Qun
447 275 474 330 in
487 273 549 347 luga
562 273 660 328 Fabius
674 273 796 348 Pelignus
810 277 949 347 quidum,
971 299 1000 338 ex

194 349 294 404 infimis
303 349 441 406 ordinibus
450 349 484 404 de
491 349 606 403 exercitu
616 349 746 414 Curionis,
762 349 884 422 primurn
900 373 999 428 agmen

193 423 351 498 fugientium
360 431 523 488 consecutus,
533 441 628 496 magns
638 441 700 480 voce
708 425 808 478 Verum
819 428 941 486 nomine
956 431 998 484 ud

186 499 295 572 pellens
313 499 472 572 requirebat:
492 498 530 552 uti
541 516 612 553 uuus
623 515 681 560 esse
693 516 726 553 ex
738 499 795 554 eius
813 500 961 560 militibus
977 514 997 559 et

194 572 524 644 monereuliquidrelleac
536 573 622 627 dicere
635 573 773 628 videretur.
792 573 846 628 Ubi
863 575 925 644 ille,
942 598 995 634 sne

194 648 417 720 piusudpellatus,
438 647 557 718 adspexit
567 663 596 701 ec
609 649 701 702 restitit
713 655 746 712 et,
767 648 830 719 quis
843 661 931 716 esset,
955 663 995 708 ant

193 725 260 795 quid
272 723 356 787 vellet,
368 722 510 793 quaesivit3
531 722 671 776 humerum
680 731 797 793 apertum
807 722 903 795 gladic
915 730 993 800 udpe

193 800 225 852 tit
233 795 406 869 paullumque
418 795 510 860 abluit,
530 798 596 868 quin
610 797 710 850 Varum
724 797 897 856 interficeret:
921 802 992 874 quod

194 872 239 926 ille
246 870 402 942 periculum,
423 871 526 925 subluto
538 871 637 926 adeius
647 878 769 926 conatum
782 880 868 940 muto,
886 875 990 930 vitavit

193 946 301 1006 Fabius,
321 962 336 998 n
351 945 478 1015 proximis
494 946 623 1001 militibus
635 946 840 1011 circumventus,
861 947 991 1005 interlici-

192 1028 243 1074 tur.
263 1017 482 1092 Hccfugientium
492 1021 990 1092 multitudinemturbaporteeoestrc

193 1111 253 1148 rum
263 1103 423 1165 occupentur
432 1102 510 1166 atque
519 1095 567 1150 iter
580 1095 733 1168 impeditur:
754 1095 947 1168 pluresqueiu
961 1117 989 1154 eo

193 1167 315 1224 iocosius
324 1167 440 1234 vulnere,
461 1186 543 1241 quum
553 1170 582 1225 in
590 1169 688 1242 proelio
695 1178 740 1224 aut
753 1171 781 1225 in
796 1169 869 1244 luga,
892 1173 989 1229 intere-

192 1250 250 1307 unt,
263 1259 349 1316 neque
357 1242 472 1299 multum
486 1243 579 1310 abfuit,
594 1245 660 1317 quin
673 1245 752 1299 etium
764 1246 857 1300 cestris
869 1248 988 1319 expelle-

192 1325 296 1374 rentur:
318 1335 348 1374 rc
356 1317 477 1374 nonnulli
486 1318 605 1390 protinus
614 1318 709 1375 ecdem
717 1335 798 1374 cursu
812 1320 840 1376 in
855 1323 987 1394 oppidum

192 1392 390 1450 mnteuderuut.
409 1393 554 1465 Sedquum
564 1393 612 1449 loci
623 1401 714 1449 nature
723 1402 748 1450 et
761 1394 875 1450 munitio
888 1407 987 1453 csstm-
1020 1387 1021 1428 l

192 1486 253 1526 rum
263 1469 363 1525 aditum
372 1469 538 1542 prohibebat3
559 1476 616 1524 tum
625 1468 696 1540 quod
706 1468 739 1524 cd
747 1468 876 1541 proelium
886 1473 985 1546 egressi
1020 1455 1021 1486 ¹

193 1544 314 1601 Curionis
324 1543 420 1600 milites
430 1544 462 1598 iis
471 1543 550 1598 rebus
559 1543 794 1618 indigebant‚quee
803 1543 837 1600 ud
845 1561 985 1633 oppugne-

191 1621 289 1676 tionem
301 1627 444 1676 castrorum
460 1626 533 1674 eram
550 1619 622 1673 usui.
646 1619 736 1690 ltuque
749 1618 829 1675 Curio
839 1630 984 1676 exercitum

193 1695 220 1750 in
230 1702 313 1750 cestre
323 1693 430 1758 reducit,
441 1693 498 1757 suis
506 1692 632 1748 omuibus
642 1703 742 1764 praeter
752 1694 867 1750 Fabium
882 1694 984 1751 incolu-

192 1769 291 1831 mibus.
307 1785 340 1824 err
350 1785 460 1824 numero
468 1767 676 1823 adversariorum
685 1769 786 1824 circiter
799 1771 928 1826 sexcentis
943 1770 983 1826 in·

191 1842 302 1899 terfectis
315 1860 344 1897 ae
357 1842 429 1898 mille
438 1843 595 1908 vulneratis:
616 1843 662 1915 qni
676 1859 777 1908 omues,
796 1844 915 1899 discessu
929 1844 983 1902 Cu-

191 1918 282 1982 rionis,
290 1917 420 1988 multique
429 1926 566 1988 praeterea,
574 1935 620 1989 per
629 1917 821 1974 simulationem
829 1918 980 1987 vulnerum,

156 1987 159 2002 '
191 1991 362 2046 excestrisin
375 1992 501 2063 oppidum
515 2001 620 2064 propter
633 1993 751 2048 timorem
770 2010 827 2048 sese
841 1992 979 2064 recipiunt.

191 2064 248 2132 Qur
267 2081 294 2118 re
311 2067 430 2120 animum
449 2067 566 2124 adversa.
587 2068 681 2132 Verus,
704 2077 729 2122 et
741 2077 836 2124 terrore
852 2068 980 2124 exercitus

190 2139 303 2213 cognito.
314 2138 478 2195 buccinetcre
486 2142 514 2195 in
525 2141 616 2196 cestris
628 2151 654 2196 et
666 2145 757 2214 paucis
770 2142 804 2199 nd
818 2142 928 2215 speciem
941 2152 967 2199 te
1021 2159 1022 2162 ’

190 2212 339 2272 bernroulis
349 2212 454 2281 relictis,
465 2215 499 2270 de
506 2216 579 2272 tertie
589 2216 680 2291 vigilie
689 2217 792 2274 silentio
801 2219 941 2274 exercitum
951 2219 977 2275 in

191 2288 318 2364 oppidum
329 2288 438 2344 reducit.

246 2365 370 2420 XXXVI.
390 2366 495 2420 Postero
503 2364 546 2420 die
555 2365 634 2420 Curio
641 2365 739 2422 Uticam
750 2367 871 2424 obsidere
879 2366 977 2426 etmdc

190 2439 395 2496 circummunire
406 2439 526 2494 instituit.
547 2441 609 2494 Erat
619 2441 976 2513 inoppidcmultitudoin'so·

191 2513 249 2572 leus
258 2514 330 2579 belli,
347 2515 516 2570 diuturnitate
525 2515 585 2569 otii:
607 2515 737 2570 Uticenses
755 2517 974 2589 proquibusdam

191 2588 309 2644 Gesseris
318 2589 345 2646 iu
359 2607 387 2646 se
398 2589 531 2646 beneficiis
542 2588 580 2643 illi
596 2589 762 2644 amicissimi:
782 2599 925 2647 conventus
942 2610 971 2658 rs,

191 2661 239 2733 qui
247 2679 281 2718 ex
292 2664 373 2720 ruiis
381 2665 522 2740 generibus
535 2671 675 2720 musturet:
696 2671 777 2718 terror
792 2681 826 2719 ex
840 2667 972 2738 superiori·
