2072 2998
279 169 353 216 un.
370 167 427 218 VH.
456 171 538 218 CAP.
553 171 596 218 bb.
611 171 654 218 56.
822 167 867 220 481

72 274 143 326 ntum
153 279 297 338 temporum
306 272 458 338 dtynr'tatem
467 279 492 325 et
500 275 615 340 qratiam
627 275 793 327 antecessisse
802 276 872 328 etde·

71 353 171 400 rentur.
191 342 468 409 Eisdetismandetis‚
483 344 731 400 eosabsedimisit.

125 416 182 472 tv.
202 415 394 473 Noviodunum
408 425 462 472 eret
475 419 603 489 oppidum
613 418 776 483 Aeduorum,
793 418 826 474 ed
835 420 872 474 ri-

72 509 118 562 pes
128 491 232 564 Ligeris
241 498 391 562 opportuno
401 489 456 546 loco
465 493 591 562 positum.
611 493 668 546 Huc
677 492 772 548 Ceeser
780 509 872 548 omncs
975 549 978 554 ,

71 565 177 630 obsides
186 561 297 628 Galliae,
313 563 485 630 trumentum,
501 567 640 636 pecuniam
650 565 794 638 publicem,
809 583 875 622 suo-

71 656 134 694 rum
147 645 227 709 etque
236 637 367 694 exercitus
376 638 624 710 impedimentorum
635 657 760 714 magnum
769 648 871 712 partem

72 711 230 768 contulerat:
250 711 305 766 huo
323 727 452 784 magnum
470 727 612 769 numerum
630 731 769 787 equorum,
789 715 874 770 huius

73 785 135 842 belli
146 801 242 842 caussa
251 785 279 840 in
293 785 366 840 italio
376 792 454 857 utque
463 785 590 858 Hispania
597 796 739 855 eoemtum,
756 789 870 844 miserat.

71 861 110 916 Eo
128 876 217 932 quum
232 859 391 931 Eporedirix
404 859 632 932 Virdumamsque
644 864 778 918 venissent
796 871 822 918 et
839 863 875 918 de

71 933 872 1006 stutucivitetiseognovissentLitovicumbibreeteebdeduis

71 1016 216 1080 receptum,
228 1007 475 1080 quodestoppidum
483 1009 555 1080 opud
567 1025 611 1066 eos
619 1011 751 1067 maximus
759 1011 872 1067 auctori-

72 1079 386 1147 tatis,Convictclitenem
394 1082 579 1155 magistratum
588 1093 872 1158 magnamquepertem

71 1163 180 1212 senatus
190 1154 296 1210 adeum
306 1156 469 1221 convenisse,
482 1156 581 1230 legatos
591 1159 625 1213 ed
633 1160 872 1234 Vercingetorigem

72 1231 105 1286 de
123 1246 187 1302 pace
204 1235 232 1284 et
248 1228 363 1284 amicitia
379 1229 541 1286 concilianda
556 1232 662 1304 publice
679 1234 788 1291 missos:
818 1250 873 1288 non

72 1303 333 1376 praetermittendum
343 1309 446 1360 tuntum
460 1306 628 1362 commodum
643 1307 871 1364 existimaverunt.

73 1381 176 1450 ltaque,
199 1375 342 1432 interiectis
359 1378 509 1434 Novioduni
532 1379 700 1447 custodibus,
723 1381 824 1454 quique
841 1397 873 1436 eu

73 1451 224 1526 negotiandi
237 1457 284 1506 eut
302 1451 402 1508 itineris
416 1469 509 1508 caussa
526 1461 709 1520 convenerant,
733 1455 873 1526 pecuniam

72 1535 152 1599 etque
170 1542 255 1598 equos
271 1525 339 1580 inter
355 1543 384 1580 se
398 1526 487 1598 pertiti
506 1535 581 1595 sunt;
611 1527 716 1582 obsides
734 1529 873 1583 civitatum

72 1602 190 1656 Bibracte
199 1599 233 1654 nd
243 1600 426 1673 magistratum
436 1600 602 1656 deducendos
611 1609 782 1670 curavemnt;
797 1603 874 1674 oppi-

73 1675 149 1740 dum.
171 1673 245 1747 quod
259 1673 293 1730 ab
306 1691 337 1728 so
350 1675 431 1729 teneri
445 1691 498 1730 non
512 1692 590 1748 posse
603 1675 764 1741 iudicabunt,
783 1675 874 1732 necui

73 1748 214 1805 essetusui
223 1747 360 1811 Romanis.
367 1747 555 1818 incenderunt3
570 1749 695 1806 frumenti
703 1747 776 1824 quod
785 1749 874 1805 subito

73 1829 215 1896 potuerunt
228 1821 345 1878 novibus
354 1829 507 1888 avexerunt,
524 1823 659 1896 reliquum
673 1822 783 1880 flumine
795 1831 874 1896 etque

74 1898 194 1954 incendio
203 1904 392 1967 corruperunt3
414 1897 465 1968 ipsi
479 1913 513 1954 ex
526 1898 647 1954 finitimis
663 1899 816 1986 regionibus
830 1915 875 1954 oo·

73 1973 132 2043 pies
149 1987 251 2046 eogere,
272 1969 404 2041 praesidis
424 1971 610 2044 custodiusque
628 1972 661 2028 ed
679 1989 752 2044 rupes
772 1973 874 2048 Ligeris

73 2047 212 2118 disponere
221 2044 423 2117 equitatumque
433 2045 558 2102 omnibus
567 2047 639 2112 locis,
652 2047 785 2104 iniiciendi
795 2049 874 2102 timo-

74 2121 112 2174 ris
126 2137 230 2185 caussa,
251 2126 381 2174 ostenune
387 2127 542 2190 coeperunt,
563 2121 587 2178 si
606 2121 640 2178 ab
656 2137 686 2178 re
703 2119 874 2178 frumentaria

74 2195 206 2250 Romanae
220 2191 370 2256 excludere,
390 2203 437 2248 aut
451 2193 577 2249 adductos
591 2194 679 2268 inopie
692 2213 726 2251 ex
739 2195 874 2267 provincie

73 2268 212 2325 excludere
221 2273 338 2338 possent
358 2266 444 2332 Quam
455 2267 488 2322 cd
497 2284 571 2339 spem
581 2269 697 2326 multum
707 2285 751 2324 eos
763 2267 875 2324 adiuve-

73 2341 126 2408 bat,
150 2341 224 2414 quod
239 2340 319 2413 Liger
331 2355 366 2395 ex
379 2340 489 2396 nivibus
501 2350 623 2410 creverat,
644 2350 674 2399 ut
683 2340 874 2397 omninovado

73 2433 126 2472 nou
139 2432 219 2488 posse
230 2413 336 2468 transiri
350 2413 491 2470 videretur.

127 2491 196 2546 LVI.
218 2487 324 2554 Quibus
338 2488 417 2542 rebus
433 2487 559 2560 cognitio,
579 2489 673 2546 Caesar
687 2484 875 2542 maturandum

74 2564 126 2618 sibi
137 2561 251 2626 censuit,
264 2561 288 2616 si
301 2569 368 2616 esset
382 2561 408 2616 in
418 2563 583 2632 perficiendis
593 2561 718 2634 pontibus
728 2557 876 2630 periclitam

76 2637 151 2704 dum,
173 2636 300 2708 ueprius,
320 2651 402 2710 quern
411 2633 875 2704 essentmeioreseccoscteecepiee,
