2078 2996
165 96 228 154 ιιι
390 99 439 146 nu
461 101 585 146 necno
610 97 729 146 c1V1n1
758 125 763 130 -
1025 89 1027 168 l

165 217 270 258 aversos
279 207 407 273 proterere
417 199 517 271 incipit.
538 199 626 266 Quum
638 199 753 254 cohortes
761 198 972 272 maciepmcn—

164 277 316 340 currissent,
332 274 463 331 Numidae
474 274 569 347 integri
577 273 705 330 celeritate
714 273 842 346 impetum
857 285 972 331 nosno-
1026 277 1027 292 ¹

164 367 226 406 rum
235 350 402 426 effugiebant,
410 363 556 419 rursusque
565 348 598 403 ad
607 347 712 405 ordines
720 365 820 404 suosse
829 350 971 422 reeipien-

66 485 67 494 ,
164 433 203 482 tes
214 425 388 480 circumibant
399 431 425 493 et
437 423 470 478 ab
484 424 538 477 acie
550 422 732 479 excludebant.
760 423 803 478 Sic
823 441 918 496 neque
939 427 968 480 ia

165 500 221 556 loco
231 517 336 555 manere
344 498 501 570 ordinesque
510 515 874 574 servare‚nequeproourrere
883 508 913 555 et
922 518 969 555 ca·

165 593 226 630 snm
236 575 334 641 subire,
344 581 430 630 tutum
440 572 586 628 videbatur.
606 574 726 628 Hostium
735 573 968 644 copiae,subniis-

165 651 202 704 sis
215 649 248 704 ab
262 667 323 722 rege
336 647 452 714 auxiliis,
473 648 563 704 crebro
577 648 751 722 augebantur:
772 656 877 704 nostrus
890 650 966 704 vires

165 724 320 781 lassitudine
333 723 499 778 deficiebant:
521 721 601 778 simul
615 723 643 787 ii,
664 722 711 794 qui
729 721 840 778 vulnera
854 741 966 796 accepe-

165 805 232 864 rant,
242 815 328 870 neque
337 799 392 852 acie
399 797 531 862 excedere,
543 815 629 869 neque
638 797 664 851 in
675 797 761 852 locum
771 804 860 852 tutum
870 799 963 854 referri

165 880 291 945 poterant,
312 872 384 944 quod
397 880 448 926 tota
462 873 530 927 acies
543 872 660 944 equitatu
670 871 786 942 hostium
796 872 962 928 circumdata

164 947 307 1002 tenebatur.
332 947 373 1011 Hi,
394 945 426 1002 de
440 965 488 1002 sua
502 946 586 1002 salute
599 947 773 1018 desperantes,
796 955 827 1001 ut
842 956 963 1003 extremo

165 1022 233 1076 vitae
240 1029 356 1094 tempore
362 1021 482 1076 homines
488 1020 570 1077 lacere
576 1028 743 1086 oonsuerunt,
749 1028 795 1076 aut
802 1039 881 1076 suam
890 1040 963 1077 mor-

163 1104 217 1152 tem
229 1095 430 1158 miserabantur,
442 1104 487 1152 aut
496 1105 615 1167 parentes
623 1113 686 1150 suos
694 1095 926 1160 commendabant,
938 1098 960 1152 si

164 1188 232 1243 quos
247 1187 281 1226 ex
294 1188 324 1226 eo
338 1170 453 1242 periculo
473 1171 576 1226 lortuna
595 1189 700 1228 servare
717 1170 854 1243 potuisset.
880 1172 961 1227 Plena

156 1254 238 1328 'eram
247 1245 336 1302 omnia
346 1246 447 1302 timoris
457 1253 482 1301 et
491 1245 588 1302 luctus.

217 1395 299 1450 xnn.
321 1395 400 1452 curio
409 1395 465 1461 uni,
478 1396 619 1468 perterritis
628 1395 857 1466 amatoremque
865 1377 961 1451 mior-

165 1471 275 1528 tationes
285 1489 356 1534 suas,
372 1489 458 1543 neque
467 1489 555 1543 preces
568 1470 653 1529 atidiri
668 1469 803 1543 intellegit,
819 1487 915 1550 cinam,
930 1479 960 1526 ut

164 1546 268 1601 miseris
278 1547 305 1603 in
315 1547 402 1612 rebus,
415 1564 489 1618 spem
499 1546 627 1616 reliquam
637 1544 729 1604 salutis
739 1561 796 1599 esse
806 1544 957 1612 arbitratus,

165 1622 299 1693 proximos
309 1621 388 1676 collos
398 1639 488 1692 capere
497 1621 633 1676 universos
646 1627 763 1691 atqueeo
777 1619 853 1691 signa
866 1617 958 1675 inferri

164 1697 244 1752 iubet.
264 1698 316 1752 llos
329 1713 435 1768 quoque
447 1704 617 1767 praeoccupat
635 1695 733 1748 missua
744 1693 867 1748 aSalrura
881 1696 959 1766 eqni-

165 1779 244 1826 tatus.
258 1772 327 1826 Tum
336 1787 399 1826 vero
409 1770 442 1824 ad
450 1787 583 1826 summam
593 1769 797 1840 desperationem
806 1769 888 1823 nostri
897 1787 959 1840 per-

164 1847 308 1901 veniuntet
317 1846 412 1916 partim
430 1844 558 1918 fugientes
572 1844 605 1900 ab
619 1845 736 1915 equitatu
754 1841 955 1909 interficiuntur,

164 1920 259 1990 partim
279 1919 373 1992 integri
391 1920 577 1990 procumbunt.
607 1920 728 1974 Hortatur
746 1917 882 1974 Curionem
903 1917 953 1973 Cn.

164 1993 302 2057 Domitius,
309 1991 451 2065 praefectus
460 1995 588 2065 equitum,
596 2011 657 2048 cum
667 1994 757 2065 paucis
765 1991 897 2066 equitibus
902 1991 956 2046 cir-

164 2067 331 2132 sumsistens,
346 2075 376 2122 ut
386 2067 569 2140 irigasalutem
583 2075 652 2140 petat
664 2077 743 2140 atqua
757 2067 785 2122 in
797 2073 880 2122 castra
891 2083 955 2124 oon-
1026 2063 1027 2076 ¹

163 2141 265 2209 tendat;
287 2149 312 2196 ct
322 2158 350 2196 se
359 2143 393 2197 ab
402 2159 432 2196 eo
442 2159 495 2197 non
505 2142 682 2199 disoessurum
692 2141 837 2214 pollicetur.
857 2141 891 2196 dt
901 2141 955 2197 Cu·
1018 2155 1020 2160 ’

99 2211 101 2220 ’
163 2217 212 2284 rio,
223 2233 372 2288 numquam
385 2233 421 2282 se,
434 2217 533 2272 amisso
543 2217 667 2284 exercitu,
682 2234 788 2289 qaema
802 2216 910 2272 Caesare
923 2218 954 2272 s-

163 2293 206 2350 dei
215 2291 386 2348 commissum
395 2291 528 2363 acceperit,
544 2291 570 2346 in
585 2292 642 2348 eius
655 2302 823 2362 conspectum
837 2309 954 2346 reversu-

164 2386 224 2424 rum
234 2366 371 2424 confirmat
380 2374 458 2437 atque
471 2366 506 2420 ita
518 2366 648 2438 proelians
665 2365 827 2420 interficitur.
846 2365 960 2438 Equites·

163 2442 286 2515 perpauci
296 2460 330 2498 ex
338 2441 436 2514 proelio
447 2459 475 2496 se
485 2442 625 2513 recipiunt:
646 2439 693 2496 sed
702 2440 730 2504 ii,
746 2456 815 2510 quos
825 2440 953 2496 adnavis-

164 2517 263 2572 simum
276 2535 370 2590 agmen
383 2533 512 2588 equorum
531 2514 728 2570 reficiendorum
746 2531 840 2569 caussa
857 2516 951 2570 substi-

12 2627 13 2642 ,
110 2621 112 2626 ,
162 2590 440 2647 tissedcmcustratum
449 2598 496 2656 eet,
505 2589 567 2662 luga
573 2588 652 2644 totius
659 2588 788 2644 exercitus
797 2588 888 2660 procul
897 2591 951 2646 ani·
