<?xml version="1.0" encoding="UTF-8"?>
<!DOCTYPE html PUBLIC "-//W3C//DTD XHTML 1.0 Transitional//EN"
    "http://www.w3.org/TR/xhtml1/DTD/xhtml1-transitional.dtd">
<html xmlns="http://www.w3.org/1999/xhtml" xml:lang="en" lang="en">
 <head>
  <title>
</title>
<meta http-equiv="Content-Type" content="text/html;charset=utf-8" />
  <meta name='ocr-system' content='tesseract 3.04.00' />
  <meta name='ocr-capabilities' content='ocr_page ocr_carea ocr_par ocr_line ocrx_word'/>
</head>
<body>
  <div class='ocr_page' id='page_1' title='image "./ciuliicaesarisc04caesgoog_0356.png"; bbox 0 0 2078 2996; ppageno 0'>
   <div class='ocr_carea' id='block_1_1' title="bbox 307 173 843 226">
    <p class='ocr_par' dir='ltr' id='par_1_1' title="bbox 307 173 843 226">
     <span class='ocr_line' id='line_1_1' title="bbox 307 173 843 226; baseline 0.011 -6"><span class='ocrx_word' id='word_1_1' title='bbox 307 173 377 221; x_wconf 74' lang='lat' dir='ltr'><strong>nne.</strong></span> <span class='ocrx_word' id='word_1_2' title='bbox 391 173 433 221; x_wconf 84' lang='grc' dir='ltr'><strong>ΠΙ.</strong></span> <span class='ocrx_word' id='word_1_3' title='bbox 462 174 540 222; x_wconf 79' lang='lat' dir='ltr'>CAP.</span> <span class='ocrx_word' id='word_1_4' title='bbox 553 175 593 224; x_wconf 74' lang='grc'><strong>66.</strong></span> <span class='ocrx_word' id='word_1_5' title='bbox 794 173 843 226; x_wconf 79' lang='grc'><strong>353</strong></span> 
     </span>
    </p>
   </div>
   <div class='ocr_carea' id='block_1_2' title="bbox 41 273 844 798">
    <p class='ocr_par' dir='ltr' id='par_1_2' title="bbox 41 273 844 798">
     <span class='ocr_line' id='line_1_2' title="bbox 43 273 844 348; baseline 0 -14"><span class='ocrx_word' id='word_1_6' title='bbox 43 276 142 334; x_wconf 71' lang='lat' dir='ltr'><strong>entus</strong></span> <span class='ocrx_word' id='word_1_7' title='bbox 153 273 297 332; x_wconf 73' lang='lat' dir='ltr'><strong>Marcellini</strong></span> <span class='ocrx_word' id='word_1_8' title='bbox 309 273 564 348; x_wconf 70' lang='lat' dir='ltr'><strong>adpropinquabant,</strong></span> <span class='ocrx_word' id='word_1_9' title='bbox 586 292 639 330; x_wconf 89' lang='lat' dir='ltr'><strong>non</strong></span> <span class='ocrx_word' id='word_1_10' title='bbox 654 275 777 332; x_wconf 84' lang='lat' dir='ltr'><strong>mediocri</strong></span> <span class='ocrx_word' id='word_1_11' title='bbox 790 283 844 334; x_wconf 78' lang='lat' dir='ltr'><strong>ior·</strong></span> 
     </span>
     <span class='ocr_line' id='line_1_3' title="bbox 43 348 843 424; baseline -0.004 -15"><span class='ocrx_word' id='word_1_12' title='bbox 43 369 107 410; x_wconf 85' lang='lat' dir='ltr'><strong>rere</strong></span> <span class='ocrx_word' id='word_1_13' title='bbox 124 349 195 406; x_wconf 84' lang='lat' dir='ltr'><strong>illaio</strong></span> <span class='ocrx_word' id='word_1_14' title='bbox 213 349 324 424; x_wconf 86' lang='lat' dir='ltr'><strong>reliquis</strong></span> <span class='ocrx_word' id='word_1_15' title='bbox 341 349 506 405; x_wconf 83' lang='lat' dir='ltr'><strong>eohortibue:</strong></span> <span class='ocrx_word' id='word_1_16' title='bbox 530 357 556 405; x_wconf 79' lang='lat' dir='ltr'><strong>et</strong></span> <span class='ocrx_word' id='word_1_17' title='bbox 573 348 610 406; x_wconf 85' lang='lat' dir='ltr'><strong>ll.</strong></span> <span class='ocrx_word' id='word_1_18' title='bbox 629 349 774 420; x_wconf 75' lang='lat' dir='ltr'><strong>Antonius,</strong></span> <span class='ocrx_word' id='word_1_19' title='bbox 794 354 843 424; x_wconf 86' lang='lat' dir='ltr'><strong>qui</strong></span> 
     </span>
     <span class='ocr_line' id='line_1_4' title="bbox 41 423 842 501; baseline -0.001 -19"><span class='ocrx_word' id='word_1_20' title='bbox 41 426 201 501; x_wconf 84' lang='lat' dir='ltr'><strong>proximum</strong></span> <span class='ocrx_word' id='word_1_21' title='bbox 209 423 296 481; x_wconf 83' lang='lat' dir='ltr'><strong>locum</strong></span> <span class='ocrx_word' id='word_1_22' title='bbox 305 424 496 498; x_wconf 75' lang='lat' dir='ltr'><strong>praesidiorum</strong></span> <span class='ocrx_word' id='word_1_23' title='bbox 504 423 616 490; x_wconf 79' lang='lat' dir='ltr'><strong>tenebat,</strong></span> <span class='ocrx_word' id='word_1_24' title='bbox 631 441 662 480; x_wconf 84' lang='lat' dir='ltr'><strong>ea</strong></span> <span class='ocrx_word' id='word_1_25' title='bbox 671 443 699 481; x_wconf 86' lang='lat' dir='ltr'><strong>re</strong></span> <span class='ocrx_word' id='word_1_26' title='bbox 709 427 842 494; x_wconf 80' lang='lat' dir='ltr'><strong>nunciam,</strong></span> 
     </span>
     <span class='ocr_line' id='line_1_5' title="bbox 42 497 844 572; baseline -0.001 -14"><span class='ocrx_word' id='word_1_27' title='bbox 42 519 109 558; x_wconf 90' lang='lat' dir='ltr'><strong>oum</strong></span> <span class='ocrx_word' id='word_1_28' title='bbox 119 500 272 561; x_wconf 80' lang='lat' dir='ltr'><strong>eohortilrue</strong></span> <span class='ocrx_word' id='word_1_29' title='bbox 281 498 420 556; x_wconf 81' lang='lat' dir='ltr'><strong>duodecim</strong></span> <span class='ocrx_word' id='word_1_30' title='bbox 429 497 589 556; x_wconf 83' lang='lat' dir='ltr'><strong>deseendons</strong></span> <span class='ocrx_word' id='word_1_31' title='bbox 601 517 635 556; x_wconf 84' lang='lat' dir='ltr'><strong>ex</strong></span> <span class='ocrx_word' id='word_1_32' title='bbox 644 499 700 556; x_wconf 90' lang='lat' dir='ltr'><strong>loeo</strong></span> <span class='ocrx_word' id='word_1_33' title='bbox 710 501 844 572; x_wconf 79' lang='lat' dir='ltr'><strong>superiore</strong></span> 
     </span>
     <span class='ocr_line' id='line_1_6' title="bbox 42 573 844 648; baseline -0.004 -14"><span class='ocrx_word' id='word_1_34' title='bbox 42 575 213 634; x_wconf 72' lang='lat' dir='ltr'><strong>ooenebatur.</strong></span> <span class='ocrx_word' id='word_1_35' title='bbox 249 574 334 632; x_wconf 84' lang='lat' dir='ltr'><strong>Cuius</strong></span> <span class='ocrx_word' id='word_1_36' title='bbox 351 573 479 630; x_wconf 75' lang='lat' dir='ltr'><strong>adventius</strong></span> <span class='ocrx_word' id='word_1_37' title='bbox 498 575 670 646; x_wconf 87' lang='lat' dir='ltr'><strong>Pompeianos</strong></span> <span class='ocrx_word' id='word_1_38' title='bbox 688 576 844 648; x_wconf 69' lang='lat' dir='ltr'><strong>compressit</strong></span> 
     </span>
     <span class='ocr_line' id='line_1_7' title="bbox 42 648 844 726; baseline -0.005 -16"><span class='ocrx_word' id='word_1_39' title='bbox 42 657 207 722; x_wconf 77' lang='lat' dir='ltr'><strong>nostrosque</strong></span> <span class='ocrx_word' id='word_1_40' title='bbox 219 648 343 715; x_wconf 79' lang='lat' dir='ltr'><strong>firmavit,</strong></span> <span class='ocrx_word' id='word_1_41' title='bbox 363 655 395 704; x_wconf 82' lang='lat' dir='ltr'><strong>ut</strong></span> <span class='ocrx_word' id='word_1_42' title='bbox 410 665 485 718; x_wconf 77' lang='lat' dir='ltr'><strong>seer</strong></span> <span class='ocrx_word' id='word_1_43' title='bbox 500 649 618 705; x_wconf 79' lang='lat' dir='ltr'><strong>monimo</strong></span> <span class='ocrx_word' id='word_1_44' title='bbox 632 650 725 706; x_wconf 81' lang='lat' dir='ltr'><strong>timere</strong></span> <span class='ocrx_word' id='word_1_45' title='bbox 736 649 844 726; x_wconf 80' lang='lat' dir='ltr'><strong>oollige-</strong></span> 
     </span>
     <span class='ocr_line' id='line_1_8' title="bbox 42 723 844 798; baseline 0.004 -19"><span class='ocrx_word' id='word_1_46' title='bbox 42 730 118 785; x_wconf 82' lang='lat' dir='ltr'><strong>rent.</strong></span> <span class='ocrx_word' id='word_1_47' title='bbox 137 724 231 796; x_wconf 87' lang='lat' dir='ltr'><strong>Neque</strong></span> <span class='ocrx_word' id='word_1_48' title='bbox 241 723 328 780; x_wconf 81' lang='lat' dir='ltr'><strong>mullo.</strong></span> <span class='ocrx_word' id='word_1_49' title='bbox 339 729 400 797; x_wconf 77' lang='lat' dir='ltr'><strong>posi</strong></span> <span class='ocrx_word' id='word_1_50' title='bbox 414 723 516 791; x_wconf 82' lang='lat' dir='ltr'><strong>Caesar,</strong></span> <span class='ocrx_word' id='word_1_51' title='bbox 537 723 727 798; x_wconf 78' lang='lat' dir='ltr'><strong>signifieatione</strong></span> <span class='ocrx_word' id='word_1_52' title='bbox 739 743 787 798; x_wconf 88' lang='lat' dir='ltr'><strong>per</strong></span> <span class='ocrx_word' id='word_1_53' title='bbox 799 741 844 782; x_wconf 87' lang='lat' dir='ltr'><strong>ea-</strong></span> 
     </span>
    </p>
   </div>
   <div class='ocr_carea' id='block_1_3' title="bbox 43 796 996 872">
    <p class='ocr_par' dir='ltr' id='par_1_3' title="bbox 43 796 996 872">
     <span class='ocr_line' id='line_1_9' title="bbox 43 796 996 872; baseline -0.003 -16"><span class='ocrx_word' id='word_1_54' title='bbox 43 796 398 866; x_wconf 78' lang='lat' dir='ltr'><strong>siellolumolaoto‚utsroi</strong></span> <span class='ocrx_word' id='word_1_55' title='bbox 411 799 554 871; x_wconf 82' lang='lat' dir='ltr'><strong>superioris</strong></span> <span class='ocrx_word' id='word_1_56' title='bbox 562 800 688 872; x_wconf 78' lang='lat' dir='ltr'><strong>temporis</strong></span> <span class='ocrx_word' id='word_1_57' title='bbox 701 805 844 856; x_wconf 82' lang='lat' dir='ltr'><strong>oonsueiu-</strong></span> <span class='ocrx_word' id='word_1_58' title='bbox 873 831 876 836; x_wconf 93' lang='lat'>·</span> <span class='ocrx_word' id='word_1_59' title='bbox 994 801 996 806; x_wconf 88' lang='lat'>&#39;</span> 
     </span>
    </p>
   </div>
   <div class='ocr_carea' id='block_1_4' title="bbox 11 871 879 2587">
    <p class='ocr_par' dir='ltr' id='par_1_4' title="bbox 41 871 879 1382">
     <span class='ocr_line' id='line_1_10' title="bbox 44 871 842 947; baseline 0 -15"><span class='ocrx_word' id='word_1_60' title='bbox 44 875 93 940; x_wconf 82' lang='lat' dir='ltr'><strong>do,</strong></span> <span class='ocrx_word' id='word_1_61' title='bbox 99 871 384 946; x_wconf 76' lang='lat' dir='ltr'><strong>deductisquibusdam</strong></span> <span class='ocrx_word' id='word_1_62' title='bbox 390 873 544 930; x_wconf 83' lang='lat' dir='ltr'><strong>oobortibus</strong></span> <span class='ocrx_word' id='word_1_63' title='bbox 552 891 586 931; x_wconf 83' lang='lat' dir='ltr'><strong>ex</strong></span> <span class='ocrx_word' id='word_1_64' title='bbox 594 874 742 947; x_wconf 82' lang='lat' dir='ltr'><strong>praesidiis,</strong></span> <span class='ocrx_word' id='word_1_65' title='bbox 750 875 842 932; x_wconf 81' lang='lat' dir='ltr'><strong>eodem</strong></span> 
     </span>
     <span class='ocr_line' id='line_1_11' title="bbox 42 947 879 1028; baseline 0.001 -22"><span class='ocrx_word' id='word_1_66' title='bbox 42 948 133 1006; x_wconf 75' lang='lat' dir='ltr'><strong>venii.</strong></span> <span class='ocrx_word' id='word_1_67' title='bbox 152 947 214 1015; x_wconf 83' lang='lat' dir='ltr'><strong>Qui.</strong></span> <span class='ocrx_word' id='word_1_68' title='bbox 225 949 329 1024; x_wconf 78' lang='lat' dir='ltr'><strong>unguite</strong></span> <span class='ocrx_word' id='word_1_69' title='bbox 337 948 500 1015; x_wconf 75' lang='lat' dir='ltr'><strong>detrimento,</strong></span> <span class='ocrx_word' id='word_1_70' title='bbox 508 965 593 1022; x_wconf 88' lang='lat' dir='ltr'><strong>quum</strong></span> <span class='ocrx_word' id='word_1_71' title='bbox 602 950 840 1028; x_wconf 75' lang='lat' dir='ltr'><strong>animadvertisset,</strong></span> <span class='ocrx_word' id='word_1_72' title='bbox 873 1017 879 1026; x_wconf 81' lang='lat'><em>,</em></span> 
     </span>
     <span class='ocr_line' id='line_1_12' title="bbox 41 1022 843 1098; baseline 0.005 -20"><span class='ocrx_word' id='word_1_73' title='bbox 41 1022 205 1096; x_wconf 79' lang='lat' dir='ltr'><strong>Pompeium</strong></span> <span class='ocrx_word' id='word_1_74' title='bbox 219 1033 296 1080; x_wconf 77' lang='lat' dir='ltr'><strong>extro</strong></span> <span class='ocrx_word' id='word_1_75' title='bbox 312 1023 472 1094; x_wconf 69' lang='lat' dir='ltr'><strong>munitiones</strong></span> <span class='ocrx_word' id='word_1_76' title='bbox 485 1041 631 1098; x_wconf 70' lang='lat' dir='ltr'><strong>egressum,</strong></span> <span class='ocrx_word' id='word_1_77' title='bbox 651 1033 735 1081; x_wconf 75' lang='lat' dir='ltr'><strong>oestro</strong></span> <span class='ocrx_word' id='word_1_78' title='bbox 747 1043 843 1082; x_wconf 87' lang='lat' dir='ltr'><strong>seeun-</strong></span> 
     </span>
     <span class='ocr_line' id='line_1_13' title="bbox 42 1097 843 1170; baseline -0.001 -13"><span class='ocrx_word' id='word_1_79' title='bbox 42 1100 115 1157; x_wconf 87' lang='lat' dir='ltr'><strong>dum</strong></span> <span class='ocrx_word' id='word_1_80' title='bbox 125 1115 206 1164; x_wconf 85' lang='lat' dir='ltr'><strong>mare,</strong></span> <span class='ocrx_word' id='word_1_81' title='bbox 216 1097 337 1154; x_wconf 78' lang='lat' dir='ltr'><strong>uilibere</strong></span> <span class='ocrx_word' id='word_1_82' title='bbox 345 1097 465 1170; x_wconf 75' lang='lat' dir='ltr'><strong>pabulari</strong></span> <span class='ocrx_word' id='word_1_83' title='bbox 474 1106 571 1170; x_wconf 74' lang='lat' dir='ltr'><strong>posset,</strong></span> <span class='ocrx_word' id='word_1_84' title='bbox 584 1115 632 1154; x_wconf 87' lang='lat' dir='ltr'><strong>nee</strong></span> <span class='ocrx_word' id='word_1_85' title='bbox 640 1101 730 1156; x_wconf 90' lang='lat' dir='ltr'><strong>minus</strong></span> <span class='ocrx_word' id='word_1_86' title='bbox 740 1099 843 1156; x_wconf 81' lang='lat' dir='ltr'><strong>aditum</strong></span> 
     </span>
     <span class='ocr_line' id='line_1_14' title="bbox 42 1172 842 1248; baseline -0.003 -16"><span class='ocrx_word' id='word_1_87' title='bbox 42 1172 164 1232; x_wconf 81' lang='lat' dir='ltr'><strong>novibus</strong></span> <span class='ocrx_word' id='word_1_88' title='bbox 182 1173 301 1239; x_wconf 80' lang='lat' dir='ltr'><strong>baberet,</strong></span> <span class='ocrx_word' id='word_1_89' title='bbox 324 1173 482 1228; x_wconf 80' lang='lat' dir='ltr'><strong>eommutata</strong></span> <span class='ocrx_word' id='word_1_90' title='bbox 501 1173 600 1228; x_wconf 75' lang='lat' dir='ltr'><strong>ratione</strong></span> <span class='ocrx_word' id='word_1_91' title='bbox 616 1173 692 1240; x_wconf 84' lang='lat' dir='ltr'><strong>belli,</strong></span> <span class='ocrx_word' id='word_1_92' title='bbox 714 1175 842 1248; x_wconf 84' lang='lat' dir='ltr'><strong>quoniam</strong></span> 
     </span>
     <span class='ocr_line' id='line_1_15' title="bbox 41 1247 843 1323; baseline 0 -17"><span class='ocrx_word' id='word_1_93' title='bbox 41 1248 213 1323; x_wconf 80' lang='lat' dir='ltr'><strong>propositum</strong></span> <span class='ocrx_word' id='word_1_94' title='bbox 234 1264 288 1304; x_wconf 87' lang='lat' dir='ltr'><strong>non</strong></span> <span class='ocrx_word' id='word_1_95' title='bbox 309 1253 440 1314; x_wconf 64' lang='lat' dir='ltr'><strong>moeret,</strong></span> <span class='ocrx_word' id='word_1_96' title='bbox 464 1247 538 1302; x_wconf 76' lang='lat' dir='ltr'><strong>iuxta</strong></span> <span class='ocrx_word' id='word_1_97' title='bbox 559 1248 714 1320; x_wconf 85' lang='lat' dir='ltr'><strong>Pompeium</strong></span> <span class='ocrx_word' id='word_1_98' title='bbox 736 1251 843 1306; x_wconf 84' lang='lat' dir='ltr'><strong>munire</strong></span> 
     </span>
     <span class='ocr_line' id='line_1_16' title="bbox 42 1321 139 1382; baseline -0.041 0"><span class='ocrx_word' id='word_1_99' title='bbox 42 1321 139 1382; x_wconf 84' lang='lat' dir='ltr'><strong>iussit.</strong></span> 
     </span>
    </p>

    <p class='ocr_par' dir='ltr' id='par_1_5' title="bbox 11 1393 845 2587">
     <span class='ocr_line' id='line_1_17' title="bbox 104 1393 844 1468; baseline 0 -16"><span class='ocrx_word' id='word_1_100' title='bbox 104 1396 198 1454; x_wconf 81' lang='lat' dir='ltr'><strong>val.</strong></span> <span class='ocrx_word' id='word_1_101' title='bbox 218 1393 395 1468; x_wconf 66' lang='lat' dir='ltr'><strong>Quipulem</strong></span> <span class='ocrx_word' id='word_1_102' title='bbox 409 1394 565 1460; x_wconf 77' lang='lat' dir='ltr'><strong>munitione,</strong></span> <span class='ocrx_word' id='word_1_103' title='bbox 581 1394 844 1458; x_wconf 71' lang='lat' dir='ltr'><strong>animadversumesl</strong></span> 
     </span>
     <span class='ocr_line' id='line_1_18' title="bbox 42 1469 844 1544; baseline -0.005 -14"><span class='ocrx_word' id='word_1_104' title='bbox 42 1474 82 1531; x_wconf 87' lang='lat' dir='ltr'><strong>ab</strong></span> <span class='ocrx_word' id='word_1_105' title='bbox 101 1470 308 1544; x_wconf 69' lang='lat' dir='ltr'><strong>speculatoribus</strong></span> <span class='ocrx_word' id='word_1_106' title='bbox 326 1469 457 1537; x_wconf 79' lang='lat' dir='ltr'><strong>Caesaris,</strong></span> <span class='ocrx_word' id='word_1_107' title='bbox 477 1469 594 1525; x_wconf 77' lang='lat' dir='ltr'><strong>eohortes</strong></span> <span class='ocrx_word' id='word_1_108' title='bbox 612 1469 750 1540; x_wconf 82' lang='lat' dir='ltr'><strong>quasdam,</strong></span> <span class='ocrx_word' id='word_1_109' title='bbox 771 1469 844 1543; x_wconf 89' lang='lat' dir='ltr'><strong>quod</strong></span> 
     </span>
     <span class='ocr_line' id='line_1_19' title="bbox 11 1542 844 1632; baseline -0.004 -29"><span class='ocrx_word' id='word_1_110' title='bbox 11 1603 12 1607; x_wconf 71' lang='grc'>,</span> <span class='ocrx_word' id='word_1_111' title='bbox 42 1551 134 1607; x_wconf 74' lang='lat' dir='ltr'><strong>instar</strong></span> <span class='ocrx_word' id='word_1_112' title='bbox 145 1545 256 1619; x_wconf 80' lang='lat' dir='ltr'><strong>legionis</strong></span> <span class='ocrx_word' id='word_1_113' title='bbox 265 1543 407 1609; x_wconf 81' lang='lat' dir='ltr'><strong>videretur,</strong></span> <span class='ocrx_word' id='word_1_114' title='bbox 427 1560 485 1600; x_wconf 84' lang='lat' dir='ltr'><strong>esse</strong></span> <span class='ocrx_word' id='word_1_115' title='bbox 497 1551 558 1632; x_wconf 77' lang='lat' dir='ltr'><strong>post</strong></span> <span class='ocrx_word' id='word_1_116' title='bbox 569 1542 665 1598; x_wconf 80' lang='lat' dir='ltr'><strong>silvam</strong></span> <span class='ocrx_word' id='word_1_117' title='bbox 681 1551 707 1599; x_wconf 80' lang='lat' dir='ltr'><strong>et</strong></span> <span class='ocrx_word' id='word_1_118' title='bbox 720 1545 747 1599; x_wconf 87' lang='lat' dir='ltr'><strong>in</strong></span> <span class='ocrx_word' id='word_1_119' title='bbox 757 1552 844 1600; x_wconf 85' lang='lat' dir='ltr'><strong>vetera</strong></span> 
     </span>
     <span class='ocr_line' id='line_1_20' title="bbox 41 1617 844 1691; baseline -0.006 -13"><span class='ocrx_word' id='word_1_120' title='bbox 41 1629 134 1682; x_wconf 83' lang='lat' dir='ltr'><strong>costra</strong></span> <span class='ocrx_word' id='word_1_121' title='bbox 152 1619 224 1675; x_wconf 86' lang='lat' dir='ltr'><strong>duel.</strong></span> <span class='ocrx_word' id='word_1_122' title='bbox 254 1617 405 1674; x_wconf 82' lang='lat' dir='ltr'><strong>Gmtrorum</strong></span> <span class='ocrx_word' id='word_1_123' title='bbox 424 1618 468 1674; x_wconf 89' lang='lat' dir='ltr'><strong>hio</strong></span> <span class='ocrx_word' id='word_1_124' title='bbox 484 1626 552 1674; x_wconf 74' lang='lat' dir='ltr'><strong>sitris</strong></span> <span class='ocrx_word' id='word_1_125' title='bbox 569 1625 631 1674; x_wconf 76' lang='lat' dir='ltr'><strong>erat.</strong></span> <span class='ocrx_word' id='word_1_126' title='bbox 659 1617 844 1691; x_wconf 83' lang='lat' dir='ltr'><strong>Superioribus</strong></span> 
     </span>
     <span class='ocr_line' id='line_1_21' title="bbox 12 1691 844 1768; baseline -0.006 -16"><span class='ocrx_word' id='word_1_127' title='bbox 12 1699 13 1703; x_wconf 76' lang='grc'>’</span> <span class='ocrx_word' id='word_1_128' title='bbox 43 1695 157 1759; x_wconf 78' lang='lat' dir='ltr'><strong>diebus,</strong></span> <span class='ocrx_word' id='word_1_129' title='bbox 168 1709 238 1748; x_wconf 82' lang='lat' dir='ltr'><strong>none</strong></span> <span class='ocrx_word' id='word_1_130' title='bbox 247 1691 365 1750; x_wconf 85' lang='lat' dir='ltr'><strong>Caesaris</strong></span> <span class='ocrx_word' id='word_1_131' title='bbox 373 1691 443 1768; x_wconf 75' lang='lat' dir='ltr'><strong>legio</strong></span> <span class='ocrx_word' id='word_1_132' title='bbox 453 1709 538 1766; x_wconf 87' lang='lat' dir='ltr'><strong>quum</strong></span> <span class='ocrx_word' id='word_1_133' title='bbox 548 1710 577 1748; x_wconf 86' lang='lat' dir='ltr'><strong>se</strong></span> <span class='ocrx_word' id='word_1_134' title='bbox 584 1692 722 1749; x_wconf 79' lang='lat' dir='ltr'><strong>obiecisset</strong></span> <span class='ocrx_word' id='word_1_135' title='bbox 733 1693 844 1766; x_wconf 85' lang='lat' dir='ltr'><strong>Pompe-</strong></span> 
     </span>
     <span class='ocr_line' id='line_1_22' title="bbox 43 1767 844 1840; baseline -0.005 -14"><span class='ocrx_word' id='word_1_136' title='bbox 43 1769 120 1830; x_wconf 83' lang='lat' dir='ltr'><strong>ianis</strong></span> <span class='ocrx_word' id='word_1_137' title='bbox 131 1767 213 1839; x_wconf 86' lang='lat' dir='ltr'><strong>oopiis</strong></span> <span class='ocrx_word' id='word_1_138' title='bbox 222 1773 301 1840; x_wconf 81' lang='lat' dir='ltr'><strong>mque</strong></span> <span class='ocrx_word' id='word_1_139' title='bbox 314 1783 402 1840; x_wconf 85' lang='lat' dir='ltr'><strong>opera,</strong></span> <span class='ocrx_word' id='word_1_140' title='bbox 421 1775 451 1823; x_wconf 84' lang='lat' dir='ltr'><strong>ut</strong></span> <span class='ocrx_word' id='word_1_141' title='bbox 463 1767 711 1833; x_wconf 74' lang='lat' dir='ltr'><strong>demonstravimus,</strong></span> <span class='ocrx_word' id='word_1_142' title='bbox 730 1768 844 1823; x_wconf 83' lang='lat' dir='ltr'><strong>circum·</strong></span> 
     </span>
     <span class='ocr_line' id='line_1_23' title="bbox 43 1841 843 1916; baseline -0.008 -14"><span class='ocrx_word' id='word_1_143' title='bbox 43 1842 177 1908; x_wconf 87' lang='lat' dir='ltr'><strong>muniret,</strong></span> <span class='ocrx_word' id='word_1_144' title='bbox 193 1849 277 1898; x_wconf 80' lang='lat' dir='ltr'><strong>eastra</strong></span> <span class='ocrx_word' id='word_1_145' title='bbox 291 1859 323 1899; x_wconf 88' lang='lat' dir='ltr'><strong>eo</strong></span> <span class='ocrx_word' id='word_1_146' title='bbox 397 1843 493 1915; x_wconf 75' lang='lat' dir='ltr'><strong>posuit.</strong></span> <span class='ocrx_word' id='word_1_147' title='bbox 513 1843 581 1898; x_wconf 79' lang='lat' dir='ltr'><strong>llaec</strong></span> <span class='ocrx_word' id='word_1_148' title='bbox 592 1841 688 1897; x_wconf 82' lang='lat' dir='ltr'><strong>silvam</strong></span> <span class='ocrx_word' id='word_1_149' title='bbox 698 1842 843 1916; x_wconf 81' lang='lat' dir='ltr'><strong>quamdam</strong></span> 
     </span>
     <span class='ocr_line' id='line_1_24' title="bbox 43 1916 843 1993; baseline -0.004 -17"><span class='ocrx_word' id='word_1_150' title='bbox 43 1916 245 1993; x_wconf 75' lang='lat' dir='ltr'><strong>oenungobmt,</strong></span> <span class='ocrx_word' id='word_1_151' title='bbox 256 1934 343 1991; x_wconf 87' lang='lat' dir='ltr'><strong>neque</strong></span> <span class='ocrx_word' id='word_1_152' title='bbox 366 1918 486 1992; x_wconf 78' lang='lat' dir='ltr'><strong>ongiusa</strong></span> <span class='ocrx_word' id='word_1_153' title='bbox 500 1918 567 1973; x_wconf 80' lang='lat' dir='ltr'><strong>mari</strong></span> <span class='ocrx_word' id='word_1_154' title='bbox 579 1917 702 1990; x_wconf 82' lang='lat' dir='ltr'><strong>passibus</strong></span> <span class='ocrx_word' id='word_1_155' title='bbox 716 1917 843 1991; x_wconf 82' lang='lat' dir='ltr'><strong>quadrin-</strong></span> 
     </span>
     <span class='ocr_line' id='line_1_25' title="bbox 43 1991 843 2074; baseline -0.004 -23"><span class='ocrx_word' id='word_1_156' title='bbox 43 1993 137 2074; x_wconf 76' lang='lat' dir='ltr'><strong>gentis</strong></span> <span class='ocrx_word' id='word_1_157' title='bbox 150 1992 266 2068; x_wconf 65' lang='lat' dir='ltr'><strong>aberant</strong></span> <span class='ocrx_word' id='word_1_158' title='bbox 294 1993 364 2060; x_wconf 76' lang='lat' dir='ltr'><strong>Post,</strong></span> <span class='ocrx_word' id='word_1_159' title='bbox 385 1998 485 2048; x_wconf 72' lang='lat' dir='ltr'><strong>mutato</strong></span> <span class='ocrx_word' id='word_1_160' title='bbox 502 1991 612 2048; x_wconf 87' lang='lat' dir='ltr'><strong>oonsilio</strong></span> <span class='ocrx_word' id='word_1_161' title='bbox 629 1991 791 2066; x_wconf 85' lang='lat' dir='ltr'><strong>quibusdum</strong></span> <span class='ocrx_word' id='word_1_162' title='bbox 809 1992 843 2048; x_wconf 89' lang='lat' dir='ltr'><strong>de</strong></span> 
     </span>
     <span class='ocr_line' id='line_1_26' title="bbox 45 2066 843 2142; baseline -0.005 -14"><span class='ocrx_word' id='word_1_163' title='bbox 45 2069 160 2134; x_wconf 78' lang='lat' dir='ltr'><strong>caussis,</strong></span> <span class='ocrx_word' id='word_1_164' title='bbox 176 2068 270 2126; x_wconf 86' lang='lat' dir='ltr'><strong>Caesar</strong></span> <span class='ocrx_word' id='word_1_165' title='bbox 283 2067 373 2142; x_wconf 84' lang='lat' dir='ltr'><strong>paullo</strong></span> <span class='ocrx_word' id='word_1_166' title='bbox 384 2067 455 2124; x_wconf 85' lang='lat' dir='ltr'><strong>ultra</strong></span> <span class='ocrx_word' id='word_1_167' title='bbox 464 2081 526 2124; x_wconf 90' lang='lat' dir='ltr'><strong>eum</strong></span> <span class='ocrx_word' id='word_1_168' title='bbox 537 2066 624 2123; x_wconf 86' lang='lat' dir='ltr'><strong>locum</strong></span> <span class='ocrx_word' id='word_1_169' title='bbox 635 2074 718 2124; x_wconf 80' lang='lat' dir='ltr'><strong>eastra</strong></span> <span class='ocrx_word' id='word_1_170' title='bbox 727 2075 843 2124; x_wconf 76' lang='lat' dir='ltr'><strong>transtu-</strong></span> 
     </span>
     <span class='ocr_line' id='line_1_27' title="bbox 46 2141 844 2218; baseline -0.008 -14"><span class='ocrx_word' id='word_1_171' title='bbox 46 2147 96 2204; x_wconf 77' lang='lat' dir='ltr'><strong>lii:</strong></span> <span class='ocrx_word' id='word_1_172' title='bbox 116 2143 261 2218; x_wconf 79' lang='lat' dir='ltr'><strong>paucisque</strong></span> <span class='ocrx_word' id='word_1_173' title='bbox 271 2143 429 2201; x_wconf 77' lang='lat' dir='ltr'><strong>intermissis</strong></span> <span class='ocrx_word' id='word_1_174' title='bbox 442 2141 537 2200; x_wconf 88' lang='lat' dir='ltr'><strong>diebus</strong></span> <span class='ocrx_word' id='word_1_175' title='bbox 550 2142 640 2199; x_wconf 85' lang='lat' dir='ltr'><strong>eadem</strong></span> <span class='ocrx_word' id='word_1_176' title='bbox 654 2142 719 2198; x_wconf 86' lang='lat' dir='ltr'><strong>haee</strong></span> <span class='ocrx_word' id='word_1_177' title='bbox 732 2143 844 2216; x_wconf 87' lang='lat' dir='ltr'><strong>Pompe-</strong></span> 
     </span>
     <span class='ocr_line' id='line_1_28' title="bbox 47 2216 843 2292; baseline -0.009 -14"><span class='ocrx_word' id='word_1_178' title='bbox 47 2223 97 2278; x_wconf 81' lang='lat' dir='ltr'><strong>ius</strong></span> <span class='ocrx_word' id='word_1_179' title='bbox 109 2225 278 2288; x_wconf 74' lang='lat' dir='ltr'><strong>usurpaverat</strong></span> <span class='ocrx_word' id='word_1_180' title='bbox 290 2227 325 2286; x_wconf 83' lang='lat' dir='ltr'><strong>et,</strong></span> <span class='ocrx_word' id='word_1_181' title='bbox 344 2217 418 2292; x_wconf 88' lang='lat' dir='ltr'><strong>quod</strong></span> <span class='ocrx_word' id='word_1_182' title='bbox 434 2234 465 2274; x_wconf 90' lang='lat' dir='ltr'><strong>oo</strong></span> <span class='ocrx_word' id='word_1_183' title='bbox 482 2217 538 2274; x_wconf 90' lang='lat' dir='ltr'><strong>loeo</strong></span> <span class='ocrx_word' id='word_1_184' title='bbox 555 2217 645 2291; x_wconf 82' lang='lat' dir='ltr'><strong>plures</strong></span> <span class='ocrx_word' id='word_1_185' title='bbox 659 2225 714 2274; x_wconf 80' lang='lat' dir='ltr'><strong>eret</strong></span> <span class='ocrx_word' id='word_1_186' title='bbox 727 2216 843 2292; x_wconf 78' lang='lat' dir='ltr'><strong>legiones</strong></span> 
     </span>
     <span class='ocr_line' id='line_1_29' title="bbox 47 2290 845 2360; baseline -0.013 -6"><span class='ocrx_word' id='word_1_187' title='bbox 47 2290 207 2356; x_wconf 63' lang='lat' dir='ltr'><strong>habimus,</strong></span> <span class='ocrx_word' id='word_1_188' title='bbox 225 2291 314 2349; x_wconf 81' lang='lat' dir='ltr'><strong>relicto</strong></span> <span class='ocrx_word' id='word_1_189' title='bbox 331 2293 453 2350; x_wconf 80' lang='lat' dir='ltr'><strong>interiore</strong></span> <span class='ocrx_word' id='word_1_190' title='bbox 469 2291 553 2360; x_wconf 76' lang='lat' dir='ltr'><strong>vallo,</strong></span> <span class='ocrx_word' id='word_1_191' title='bbox 573 2292 699 2348; x_wconf 85' lang='lat' dir='ltr'><strong>maiorem</strong></span> <span class='ocrx_word' id='word_1_192' title='bbox 717 2292 845 2347; x_wconf 71' lang='lat' dir='ltr'><strong>adiecerat</strong></span> 
     </span>
     <span class='ocr_line' id='line_1_30' title="bbox 48 2364 842 2433; baseline -0.009 -8"><span class='ocrx_word' id='word_1_193' title='bbox 48 2364 239 2429; x_wconf 73' lang='lat' dir='ltr'><strong>munitionem.</strong></span> <span class='ocrx_word' id='word_1_194' title='bbox 275 2368 313 2423; x_wconf 79' lang='lat' dir='ltr'><strong>lia</strong></span> <span class='ocrx_word' id='word_1_195' title='bbox 328 2369 431 2424; x_wconf 82' lang='lat' dir='ltr'><strong>minora</strong></span> <span class='ocrx_word' id='word_1_196' title='bbox 448 2376 546 2433; x_wconf 71' lang='lat' dir='ltr'><strong>eostre,</strong></span> <span class='ocrx_word' id='word_1_197' title='bbox 567 2365 669 2422; x_wconf 83' lang='lat' dir='ltr'><strong>inclusa</strong></span> <span class='ocrx_word' id='word_1_198' title='bbox 687 2364 842 2430; x_wconf 80' lang='lat' dir='ltr'><strong>maioribus,</strong></span> 
     </span>
     <span class='ocr_line' id='line_1_31' title="bbox 21 2437 845 2514; baseline -0.013 -10"><span class='ocrx_word' id='word_1_199' title='bbox 21 2467 26 2474; x_wconf 92' lang='lat'><em>·</em></span> <span class='ocrx_word' id='word_1_200' title='bbox 48 2438 153 2503; x_wconf 74' lang='lat' dir='ltr'><strong>ooeielli</strong></span> <span class='ocrx_word' id='word_1_201' title='bbox 165 2445 245 2512; x_wconf 77' lang='lat' dir='ltr'><strong>etqua</strong></span> <span class='ocrx_word' id='word_1_202' title='bbox 257 2441 324 2497; x_wconf 84' lang='lat' dir='ltr'><strong>areis</strong></span> <span class='ocrx_word' id='word_1_203' title='bbox 335 2441 423 2498; x_wconf 86' lang='lat' dir='ltr'><strong>loonm</strong></span> <span class='ocrx_word' id='word_1_204' title='bbox 436 2441 596 2498; x_wconf 74' lang='lat' dir='ltr'><strong>obtinebant.</strong></span> <span class='ocrx_word' id='word_1_205' title='bbox 620 2442 685 2496; x_wconf 70' lang='lat' dir='ltr'><strong>leem</strong></span> <span class='ocrx_word' id='word_1_206' title='bbox 697 2439 732 2494; x_wconf 90' lang='lat' dir='ltr'><strong>ab</strong></span> <span class='ocrx_word' id='word_1_207' title='bbox 746 2437 845 2514; x_wconf 73' lang='lat' dir='ltr'><strong>angulo</strong></span> 
     </span>
     <span class='ocr_line' id='line_1_32' title="bbox 48 2511 843 2587; baseline -0.014 -9"><span class='ocrx_word' id='word_1_208' title='bbox 48 2525 199 2578; x_wconf 74' lang='lat' dir='ltr'><strong>metrorum</strong></span> <span class='ocrx_word' id='word_1_209' title='bbox 208 2513 316 2571; x_wconf 78' lang='lat' dir='ltr'><strong>sinistro</strong></span> <span class='ocrx_word' id='word_1_210' title='bbox 328 2516 502 2572; x_wconf 83' lang='lat' dir='ltr'><strong>munitionem</strong></span> <span class='ocrx_word' id='word_1_211' title='bbox 516 2514 550 2571; x_wconf 87' lang='lat' dir='ltr'><strong>ad</strong></span> <span class='ocrx_word' id='word_1_212' title='bbox 565 2513 664 2570; x_wconf 80' lang='lat' dir='ltr'><strong>flumen</strong></span> <span class='ocrx_word' id='word_1_213' title='bbox 677 2511 843 2587; x_wconf 58' lang='lat' dir='ltr'><strong>perdurent,</strong></span> 
     </span>
    </p>
   </div>
   <div class='ocr_carea' id='block_1_5' title="bbox 49 2588 846 2728">
    <p class='ocr_par' dir='ltr' id='par_1_6' title="bbox 49 2588 846 2728">
     <span class='ocr_line' id='line_1_33' title="bbox 49 2588 846 2728; baseline -0.009 -79"><span class='ocrx_word' id='word_1_214' title='bbox 49 2592 160 2728; x_wconf 34' lang='grc' dir='ltr'><strong>Ἐπ’</strong></span> <span class='ocrx_word' id='word_1_215' title='bbox 174 2666 180 2678; x_wconf 90' lang='lat'>.</span> <span class='ocrx_word' id='word_1_216' title='bbox 226 2606 258 2646; x_wconf 90' lang='lat' dir='ltr'><strong>us</strong></span> <span class='ocrx_word' id='word_1_217' title='bbox 267 2588 482 2665; x_wconf 77' lang='lat' dir='ltr'><strong>quadringentos,</strong></span> <span class='ocrx_word' id='word_1_218' title='bbox 493 2607 548 2664; x_wconf 94' lang='lat' dir='ltr'><strong>quo</strong></span> <span class='ocrx_word' id='word_1_219' title='bbox 556 2589 665 2646; x_wconf 79' lang='lat' dir='ltr'><strong>liberios</strong></span> <span class='ocrx_word' id='word_1_220' title='bbox 674 2605 704 2644; x_wconf 87' lang='lat' dir='ltr'><strong>ao</strong></span> <span class='ocrx_word' id='word_1_221' title='bbox 712 2588 770 2643; x_wconf 82' lang='lat' dir='ltr'><strong>sine</strong></span> <span class='ocrx_word' id='word_1_222' title='bbox 775 2588 846 2660; x_wconf 90' lang='lat' dir='ltr'><strong>peri-</strong></span> 
     </span>
    </p>
   </div>
   <div class='ocr_carea' id='block_1_6' title="bbox 23 2661 847 2816">
    <p class='ocr_par' dir='ltr' id='par_1_7' title="bbox 23 2661 847 2816">
     <span class='ocr_line' id='line_1_34' title="bbox 23 2661 847 2742; baseline -0.002 -20"><span class='ocrx_word' id='word_1_223' title='bbox 23 2721 24 2742; x_wconf 15' lang='grc' dir='ltr'>χ</span> <span class='ocrx_word' id='word_1_224' title='bbox 172 2663 728 2740; x_wconf 74' lang='lat' dir='ltr'><strong>ioesaqnorentiuzsodioquoque,mutato</strong></span> <span class='ocrx_word' id='word_1_225' title='bbox 737 2661 847 2721; x_wconf 87' lang='lat' dir='ltr'><strong>oonsilio</strong></span> 
     </span>
     <span class='ocr_line' id='line_1_35' title="bbox 24 2755 683 2816; baseline -0.003 0"><span class='ocrx_word' id='word_1_226' title='bbox 24 2773 25 2816; x_wconf 72' lang='lat'><em>3</em></span> <span class='ocrx_word' id='word_1_227' title='bbox 96 2769 148 2816; x_wconf 72' lang='lat' dir='ltr'><strong>lm·</strong></span> <span class='ocrx_word' id='word_1_228' title='bbox 161 2755 238 2815; x_wconf 69' lang='lat' dir='ltr'><strong>cius.</strong></span> <span class='ocrx_word' id='word_1_229' title='bbox 663 2757 683 2814; x_wconf 88' lang='grc' dir='ltr'><strong>Ζ</strong></span> 
     </span>
    </p>
   </div>
   <div class='ocr_carea' id='block_1_7' title="bbox 0 0 1050 2996">
    <p class='ocr_par' dir='ltr' id='par_1_8' title="bbox 0 0 1050 2996">
     <span class='ocr_line' id='line_1_36' title="bbox 0 0 1050 2996; baseline 0 0"><span class='ocrx_word' id='word_1_230' title='bbox 0 0 1050 2996; x_wconf 95' lang='lat' dir='ltr'><strong> </strong></span> 
     </span>
    </p>
   </div>
  </div>
 </body>
</html>
