2072 2998
282 160 387 208 urar.
418 161 610 206 canesco.
789 157 840 212 269

21 262 131 316 iniecta
153 276 241 316 manu
259 257 350 323 fenea,
371 266 396 316 et
409 267 506 316 retenta
520 267 632 332 utraque
645 277 722 326 neve,
744 261 842 318 diversi

28 337 200 410 pugnabant
209 342 288 407 etque
296 335 325 389 in
337 335 452 390 hostium
463 353 544 391 naves
553 335 785 406 transcendebant,
805 345 839 402 et,

30 427 137 485 niagno
146 426 263 466 numero
272 407 424 465 Albinorum
437 417 462 464 et
471 417 607 482 pastorum
620 409 761 482 interiecto,
781 427 842 482 par-

31 493 86 539 tem
107 485 229 541 nauium
241 483 414 555 'deprimunt;
446 484 586 550 nonnullas
607 501 669 540 oum
687 485 842 540 hominibus

33 560 164 630 capiunt3
186 557 303 630 reliquas
312 559 340 613 in
349 566 455 630 portum
464 558 636 630 compellunt.
656 559 695 615 Eo
708 560 842 614 dienevcs

34 634 253 690 Massiliensium
272 649 334 687 curn
354 633 397 698 iis,
422 651 491 706 quae
509 641 573 690 sunt
588 641 687 707 ceptae,
711 635 843 692 intereunt

38 726 148 764 novem.
596 723 600 736 ⁸

92 783 172 839 LIX.
191 783 246 836 Hoc
260 783 378 853 primum
393 781 497 837 Caesari
510 783 544 838 ed
557 782 669 840 Ilerdam
685 783 839 852 nunciatur,

39 857 134 924 simul,
157 855 271 929 perlecto
285 865 372 928 ponte,
393 856 510 912 celeriter
521 856 625 914 fortuna
638 865 764 914 mutatur.
788 857 839 923 Illi,
944 851 947 866 '

39 932 175 1003 perterriti
186 932 283 986 virtute
291 933 420 1004 equitum,
427 932 517 988 minus
527 933 616 1000 libere,
623 934 714 990 minus
721 933 843 988 audacter

40 1008 212 1081 vagabantur
217 1025 225 1074 3
238 1005 311 1070 alias,
318 1023 371 1061 non
382 1006 498 1080 longoeb
507 1008 598 1062 cestris
607 1008 739 1082 progressi
748 1009 839 1081 spatio,

40 1089 71 1136 ut
81 1081 198 1138 celerem
206 1088 336 1152 rmeptum
344 1081 478 1148 haberent,
489 1083 628 1157 angustius
637 1083 841 1156 pabulebantur,

42 1157 108 1213 alias
119 1155 240 1231 longiore
248 1157 372 1212 circuitu:
393 1156 524 1212 custodias
534 1158 711 1231 stationesque
722 1159 843 1232 equitum

42 1231 173 1296 vitabant,
197 1238 252 1297 aut,
271 1230 362 1304 aliquo
377 1238 481 1306 accepto
498 1231 665 1299 detrimento,
686 1241 733 1288 aut
752 1231 843 1306 procul

44 1309 166 1379 equitatu
180 1306 247 1371 nso,
264 1323 298 1361 ex
310 1306 398 1361 medio
408 1307 500 1362 itinere
508 1307 629 1378 proiectis
638 1307 748 1362 sarcinis
758 1307 844 1380 lugie-

44 1381 119 1437 bent.
140 1382 276 1436 Postremo
293 1388 319 1436 ct
335 1379 425 1453 plures
437 1380 607 1436 intermittere
618 1380 675 1436 dies
688 1389 723 1447 et,
744 1389 843 1452 praeter

45 1453 265 1512 consuetudinem
274 1458 404 1521 omnium,
419 1457 497 1512 noctu
507 1456 694 1510 constituerent
702 1455 830 1528 pabulari.

100 1531 162 1586 LX.
181 1531 289 1585 Interim
304 1529 432 1586 Oscenses
450 1537 476 1585 et
488 1528 689 1603 Calagurritani,
711 1529 845 1602 quierant

48 1622 110 1662 cum
128 1603 291 1660 Oscensibus
308 1605 459 1670 contributi,
483 1605 592 1672 mittunt
610 1604 644 1659 ad
663 1619 725 1658 eum
747 1603 844 1676 legates

48 1695 161 1750 seseque
168 1679 293 1750 imperata
302 1678 416 1734 facturos
424 1679 591 1752 pollicentur.
612 1679 845 1734 llosTarreconen-

50 1771 93 1808 ses
102 1753 245 1808 etleoetani
256 1761 280 1808 et
289 1754 414 1810 Ausetani
425 1761 450 1809 et
458 1754 551 1826 paucis
560 1759 620 1826 post
632 1753 727 1808 diebus
734 1753 845 1826 Illurga-

50 1843 190 1892 vonenses,
207 1828 255 1900 qni
268 1827 367 1886 flumen
377 1829 481 1884 Iberum
495 1828 644 1903 adtingunt,
656 1829 845 1901 insequuntur.

51 1899 357 1970 Petitabhisomnibus,
375 1910 405 1959 ut
417 1903 700 1960 selrumentoiuvent:
720 1902 846 1976 pollicen-

53 1987 96 2032 tur
108 1984 194 2050 atque,
215 1978 340 2034 omnibus
351 1979 472 2052 undique
488 1978 645 2051 conquisitis
663 1978 796 2044 iumentis,
818 1978 846 2034 in

54 2059 135 2107 cestre
146 2052 289 2125 deportent.
309 2053 415 2110 Transit
427 2053 506 2109 etiam
520 2054 612 2109 cohors
623 2053 846 2128 Illurgavonensis

57 2127 166 2192 adeum,
183 2127 288 2200 cognito
302 2128 417 2185 deitatis
430 2127 549 2194 oonsilio,
568 2135 594 2184 et
607 2130 683 2203 signa
693 2147 727 2184 ex
737 2129 847 2184 statione

58 2199 183 2255 transfert.
202 2201 298 2273 Magna
307 2201 424 2258 celeriter
433 2204 602 2259 commutatio
610 2221 707 2259 rerum.
733 2203 847 2259 Perfecto

60 2279 143 2347 ponte,
155 2275 260 2347 magnis
269 2275 389 2348 quinque
397 2277 547 2334 civitatibus
557 2279 592 2334 ed
599 2278 742 2336 amicitiam
752 2277 848 2333 adiun-

61 2349 120 2412 ctis,
147 2347 267 2418 expedita
286 2365 314 2403 re
329 2351 519 2419 immerseris,
542 2351 678 2409 exstinctis
695 2351 847 2408 rumoribus

63 2425 93 2480 de
101 2421 205 2478 auxiliis
216 2420 358 2494 legionum,
379 2442 447 2497 qnae
460 2443 522 2482 cum
531 2428 655 2500 Pompeio
668 2442 715 2498 per
723 2424 849 2480 Maurita-

64 2501 130 2556 niam
148 2495 239 2552 vcnire
257 2495 422 2564 dicebantur,
449 2501 548 2556 multae
566 2498 763 2574 longinquiores
783 2499 850 2554 civi-

64 2584 122 2631 tetes
141 2573 172 2628 ab
186 2569 296 2627 Airanio
309 2569 458 2630 desciscunt
474 2583 499 2632 et
517 2575 635 2633 Caesaris
653 2573 795 2629 amicitiam
809 2591 850 2630 se-

66 2657 185 2724 quuntur.
