2038 3000
183 151 441 198 ALEXANDRIN
447 152 477 197 0.
507 151 585 197 CAP.
598 151 642 198 63.
756 145 806 200 ll'l

22 254 132 324 quintam
141 249 366 322 lorainllispania
373 249 509 324 legionem.
528 251 571 305 Ex
580 250 703 306 acaciana
712 247 809 308 sacor-

20 328 113 382 dabam
122 326 223 398 recapit,
240 341 323 397 acqua
336 325 394 396 ipsa
406 326 575 396 dia'tcmpore
592 325 805 398 postmeridiano,

19 400 134 474 quumin
145 399 282 456 basilicam
292 399 349 464 irat,
370 401 480 471 quidam
493 401 626 456 Minucius
640 399 703 463 sito,
726 400 808 455 cliens

19 479 46 532 L.
57 475 153 540 [lucilii.
174 473 304 540 libellum,
324 475 401 545 quasi
411 474 512 546 aliquid
522 474 756 547 absapastularat,
777 484 809 530 ut

18 551 100 614 miles,
114 551 137 606 ai
147 549 271 616 transdit3
292 549 388 604 deinde
399 556 459 621 post
468 548 606 615 Racilium,
624 547 694 622 (nam
704 550 728 603 is
739 550 807 605 latus

18 625 99 682 Cassii
107 623 216 698 tegebat)
229 625 306 696 quasi
316 629 472 696 responsum
484 624 518 678 ab
528 641 558 680 so
572 631 676 696 pataret,
692 624 808 679 celeriter

18 701 76 756 data
84 697 146 763 loca,
157 715 241 769 quum
254 716 283 754 sa
291 699 459 762 insinuasset,
471 699 576 754 sinistra
585 699 691 770 corripit
700 717 807 754 versum

18 777 157 845 dextraque
163 773 206 828 bis
215 772 274 830 larit
285 774 409 847 pugione.
430 774 549 830 Clamore
557 774 669 838 sublata,
683 775 712 828 lit
722 792 736 828 a
745 791 809 830 con·

18 848 106 904 iuratis
128 848 241 919 impetus
263 847 405 904 universis.
434 849 569 904 Munatius
590 849 699 904 Flaccus
717 850 808 921 proxi-

18 941 91 980 mum
99 921 187 996 gladio
197 923 323 978 transiicit
336 922 467 978 lictorem:
487 924 537 978 hoc
546 923 686 990 interfecto,
702 924 732 991 Q.
743 925 808 981 Cas-

18 1001 85 1054 sium
104 999 218 1072 legatum
236 998 366 1053 vulnerat.
393 998 433 1052 lbi
448 999 477 1053 T.
488 998 583 1054 Vasius
597 1007 622 1054 et
634 1000 666 1054 L.
677 999 805 1073 Mergilio,
876 1011 879 1018 ’

18 1072 96 1129 simili
116 1072 283 1138 confidentia,
305 1072 428 1128 Flaccum
450 1073 610 1144 municipem
633 1090 713 1128 suum
732 1075 809 1130 adiu-

18 1157 90 1206 vant:
110 1147 263 1204 erantauim
273 1164 364 1202 amnas
378 1146 535 1202 Italicenses.
559 1149 594 1202 At
607 1147 695 1220 ipsum
710 1149 809 1222 Langi-

18 1241 81 1280 num
91 1223 123 1280 L.
132 1222 251 1278 Licinius
259 1221 380 1294 Squillus
393 1221 500 1288 involat,
516 1222 695 1296 iacentemque
705 1223 808 1280 levibus

18 1298 114 1354 sauciat
123 1296 216 1370 plagis.

70 1373 134 1428 Llll.
154 1371 364 1428 Conunriturad
376 1371 496 1428 Cassium
512 1369 718 1426 dalandandum:
740 1387 809 1426 sam-

18 1466 61 1520 ρετ
73 1447 146 1502 enirn
158 1446 269 1504 barum
280 1445 482 1519 compluraque
494 1455 612 1501 avocatos
624 1462 686 1500 cum
701 1444 758 1500 telis
768 1463 810 1500 sa-

18 1540 75 1578 :um
88 1521 184 1578 habeta
196 1530 378 1578 consueverat:
399 1521 526 1594 aquibus
539 1522 615 1576 autari
629 1519 811 1575 intercludun-

18 1609 65 1662 tur,
80 1598 129 1669 qui
138 1597 173 1653 ad
182 1597 288 1652 madent
296 1596 442 1652 faciendam
452 1596 696 1668 subsequebantur:
717 1597 809 1666 quoin

18 1671 494 1744 numeroluitCalpurniusSalvianus
504 1669 808 1726 ctblaniliusTusculus.

18 1746 148 1804 tlinucius
157 1747 311 1811 intersaxa,
332 1763 400 1819 quaa
411 1747 528 1802 iacebant
542 1746 570 1802 in
585 1746 685 1809 itincre,
706 1743 811 1817 fugiens

18 1821 174 1893 apprimitur
182 1829 216 1886 at,
228 1821 308 1894 ¹relata
316 1821 427 1876 domum
438 1822 537 1886 Cassia,
548 1820 581 1875 ad
591 1837 652 1874 aum
662 1819 809 1874 deducitur.

18 1895 131 1952 Racilius
140 1895 169 1958 in
178 1898 326 1967 pmximam
335 1896 482 1952 sadonmm
495 1895 631 1950 familiaris
645 1894 687 1949 sui
702 1893 810 1958 confert,

18 1973 79 2028 lum
89 1978 191 2028 cartam
199 1980 373 2046 cognosceret,
385 1969 553 2026 conlectusna
563 1969 670 2026 Cassius
680 1976 757 2024 assat.
779 1969 810 2024 L.
894 2012 898 2024 .

18 2047 172 2112 lateransis,
193 2064 280 2118 quum
294 2047 321 2101 id
336 2063 388 2102 non
402 2042 541 2110 dubitarat,
562 2044 677 2099 adcurrit
691 2044 774 2100 laatus
785 2045 811 2098 in

18 2131 108 2185 nstra,
130 2121 261 2176 militibus
275 2121 423 2177 vernaculis
436 2129 461 2175 et
470 2119 600 2176 ccundaa
609 2119 729 2194 legionis,
751 2121 813 2190 qui-

18 2197 67 2249 bus
81 2193 144 2249 odio
157 2195 254 2251 sciebat
267 2197 405 2268 praecipua
423 2196 545 2251 Cassium
564 2211 630 2260 assa,
650 2194 811 2268 gratulatur:

18 2268 146 2324 allitura
160 2268 329 2326 multitudine
347 2273 375 2327 in
390 2271 515 2337 tribunal,
534 2277 637 2344 praetor
654 2268 813 2340 adpellatur:

18 2359 95 2400 nemo
104 2341 178 2398 anim
187 2349 233 2398 aut
243 2345 271 2400 in
281 2346 413 2416 provincia
423 2354 509 2411 natus,
520 2343 726 2402 autvarnacalae
736 2342 816 2414 legia-

18 2420 56 2474 ris
72 2417 164 2484 milas,
178 2425 225 2474 aut
232 2418 402 2476 diuturnitate
410 2421 464 2475 iam
474 2421 558 2475 lactans
568 2415 746 2492 provincialis,
761 2432 816 2487 quo

22 2513 40 2548 n
51 2509 170 2552 numero
179 2500 235 2548 arat
244 2495 358 2550 secunda
368 2493 445 2568 lagia,
461 2511 514 2549 non
524 2493 668 2548 cumomni
682 2490 816 2564 provincia

18 2575 187 2626 :onsansarat
197 2568 224 2624 in
234 2568 295 2624 odia
304 2569 402 2624 Cassii:
423 2587 485 2625 nam
501 2567 615 2642 legiones
623 2567 782 2621 tricesimam
792 2571 817 2620 at

18 2642 188 2700 vicessimum
197 2643 421 2718 primanpauoi·
431 2644 569 2702 mansibus
579 2642 607 2698 in
617 2639 816 2715 ltaliascriptas,

51 2735 105 2792 lut..
117 2736 193 2794 Cass.
607 2731 652 2790 Dd
