<?xml version="1.0" encoding="UTF-8"?>
<!DOCTYPE html PUBLIC "-//W3C//DTD XHTML 1.0 Transitional//EN"
    "http://www.w3.org/TR/xhtml1/DTD/xhtml1-transitional.dtd">
<html xmlns="http://www.w3.org/1999/xhtml" xml:lang="en" lang="en">
 <head>
  <title>
</title>
<meta http-equiv="Content-Type" content="text/html;charset=utf-8" />
  <meta name='ocr-system' content='tesseract 3.04.00' />
  <meta name='ocr-capabilities' content='ocr_page ocr_carea ocr_par ocr_line ocrx_word'/>
</head>
<body>
  <div class='ocr_page' id='page_1' title='image "./ciuliicaesarisc04caesgoog_0470.png"; bbox 0 0 2044 2992; ppageno 0'>
   <div class='ocr_carea' id='block_1_1' title="bbox 238 166 824 220">
    <p class='ocr_par' dir='ltr' id='par_1_1' title="bbox 238 166 824 220">
     <span class='ocr_line' id='line_1_1' title="bbox 238 166 824 220; baseline 0.007 -4"><span class='ocrx_word' id='word_1_1' title='bbox 238 168 446 216; x_wconf 73' lang='lat' dir='ltr'><strong>mucuuo,</strong></span> <span class='ocrx_word' id='word_1_2' title='bbox 477 170 554 216; x_wconf 70' lang='lat' dir='ltr'><strong>CAP.</strong></span> <span class='ocrx_word' id='word_1_3' title='bbox 568 171 610 217; x_wconf 76' lang='lat'><strong>58.</strong></span> <span class='ocrx_word' id='word_1_4' title='bbox 771 166 824 220; x_wconf 62' lang='lat'><strong>&#39;457</strong></span> 
     </span>
    </p>
   </div>
   <div class='ocr_carea' id='block_1_2' title="bbox 28 266 826 412">
    <p class='ocr_par' dir='ltr' id='par_1_2' title="bbox 28 266 826 412">
     <span class='ocr_line' id='line_1_2' title="bbox 28 266 826 344; baseline 0.003 -18"><span class='ocrx_word' id='word_1_5' title='bbox 28 274 160 344; x_wconf 77' lang='lat' dir='ltr'><strong>quonum</strong></span> <span class='ocrx_word' id='word_1_6' title='bbox 177 266 309 324; x_wconf 86' lang='lat' dir='ltr'><strong>viderunt.</strong></span> <span class='ocrx_word' id='word_1_7' title='bbox 338 269 429 340; x_wconf 85' lang='lat' dir='ltr'><strong>Scipio</strong></span> <span class='ocrx_word' id='word_1_8' title='bbox 440 270 519 324; x_wconf 86' lang='lat' dir='ltr'><strong>mittit</strong></span> <span class='ocrx_word' id='word_1_9' title='bbox 534 267 567 323; x_wconf 85' lang='lat' dir='ltr'><strong>ad</strong></span> <span class='ocrx_word' id='word_1_10' title='bbox 585 268 741 342; x_wconf 80' lang='lat' dir='ltr'>Aquinium,</span> <span class='ocrx_word' id='word_1_11' title='bbox 761 277 826 328; x_wconf 80' lang='lat' dir='ltr'><strong>nihil</strong></span> 
     </span>
     <span class='ocr_line' id='line_1_3' title="bbox 28 343 826 412; baseline -0.003 -9"><span class='ocrx_word' id='word_1_12' title='bbox 28 351 160 406; x_wconf 75' lang='lat' dir='ltr'><strong>adlicere,</strong></span> <span class='ocrx_word' id='word_1_13' title='bbox 176 360 233 398; x_wconf 84' lang='lat' dir='ltr'><strong>cum</strong></span> <span class='ocrx_word' id='word_1_14' title='bbox 246 362 304 400; x_wconf 84' lang='lat' dir='ltr'><strong>cnm</strong></span> <span class='ocrx_word' id='word_1_15' title='bbox 317 348 478 400; x_wconf 60' lang='lat' dir='ltr'><strong>mansoriis</strong></span> <span class='ocrx_word' id='word_1_16' title='bbox 492 348 609 412; x_wconf 75' lang='lat' dir='ltr'><strong><em>colloqui.</em></strong></span> <span class='ocrx_word' id='word_1_17' title='bbox 638 343 727 410; x_wconf 85' lang='lat' dir='ltr'><strong>Quum</strong></span> <span class='ocrx_word' id='word_1_18' title='bbox 739 346 826 402; x_wconf 68' lang='lat' dir='ltr'><strong>›nihi-lo</strong></span> 
     </span>
    </p>
   </div>
   <div class='ocr_carea' id='block_1_3' title="bbox 29 417 937 483">
    <p class='ocr_par' dir='ltr' id='par_1_3' title="bbox 29 417 937 483">
     <span class='ocr_line' id='line_1_4' title="bbox 29 417 937 483; baseline -0.004 -6"><span class='ocrx_word' id='word_1_19' title='bbox 29 422 126 477; x_wconf 88' lang='lat' dir='ltr'><strong>minus</strong></span> <span class='ocrx_word' id='word_1_20' title='bbox 135 419 192 474; x_wconf 86' lang='lat' dir='ltr'><strong>eius</strong></span> <span class='ocrx_word' id='word_1_21' title='bbox 202 434 348 474; x_wconf 65' lang='lat' dir='ltr'><strong>minionem</strong></span> <span class='ocrx_word' id='word_1_22' title='bbox 359 419 472 474; x_wconf 86' lang='lat' dir='ltr'><strong>nuncius</strong></span> <span class='ocrx_word' id='word_1_23' title='bbox 482 418 514 474; x_wconf 94' lang='lat' dir='ltr'><strong>ad</strong></span> <span class='ocrx_word' id='word_1_24' title='bbox 525 436 553 472; x_wconf 93' lang='lat' dir='ltr'><strong>se</strong></span> <span class='ocrx_word' id='word_1_25' title='bbox 562 417 673 483; x_wconf 79' lang='lat' dir='ltr'><strong>referret,</strong></span> <span class='ocrx_word' id='word_1_26' title='bbox 688 425 827 475; x_wconf 71' lang='lat' dir='ltr'><strong>nedcoetc-</strong></span> <span class='ocrx_word' id='word_1_27' title='bbox 931 441 937 462; x_wconf 76' lang='grc' dir='ltr'><strong><em>ι</em></strong></span> 
     </span>
    </p>
   </div>
   <div class='ocr_carea' id='block_1_4' title="bbox 20 493 827 1086">
    <p class='ocr_par' dir='ltr' id='par_1_4' title="bbox 20 493 827 1086">
     <span class='ocr_line' id='line_1_5' title="bbox 29 493 826 564; baseline -0.004 -12"><span class='ocrx_word' id='word_1_28' title='bbox 29 515 69 560; x_wconf 81' lang='lat' dir='ltr'><strong>re,</strong></span> <span class='ocrx_word' id='word_1_29' title='bbox 83 503 116 548; x_wconf 78' lang='lat' dir='ltr'><strong>ul</strong></span> <span class='ocrx_word' id='word_1_30' title='bbox 128 497 239 562; x_wconf 76' lang='lat' dir='ltr'><strong>reliquo,</strong></span> <span class='ocrx_word' id='word_1_31' title='bbox 255 512 320 563; x_wconf 83' lang='lat' dir='ltr'><strong>quoe</strong></span> <span class='ocrx_word' id='word_1_32' title='bbox 332 497 419 558; x_wconf 83' lang='lat' dir='ltr'><strong>vellet,</strong></span> <span class='ocrx_word' id='word_1_33' title='bbox 434 502 582 561; x_wconf 50' lang='lat' dir='ltr'><strong>pomparum</strong></span> <span class='ocrx_word' id='word_1_34' title='bbox 601 493 684 548; x_wconf 80' lang='lat' dir='ltr'><strong>vnnr</strong></span> <span class='ocrx_word' id='word_1_35' title='bbox 697 503 826 564; x_wconf 82' lang='lat' dir='ltr'><strong>praeterea</strong></span> 
     </span>
     <span class='ocr_line' id='line_1_6' title="bbox 30 567 826 640; baseline -0.005 -13"><span class='ocrx_word' id='word_1_36' title='bbox 30 572 67 627; x_wconf 86' lang='lat' dir='ltr'><strong>nb</strong></span> <span class='ocrx_word' id='word_1_37' title='bbox 78 569 145 624; x_wconf 89' lang='lat' dir='ltr'><strong>Iuba</strong></span> <span class='ocrx_word' id='word_1_38' title='bbox 155 567 188 622; x_wconf 88' lang='lat' dir='ltr'><strong>ad</strong></span> <span class='ocrx_word' id='word_1_39' title='bbox 198 585 258 624; x_wconf 84' lang='lat' dir='ltr'><strong>eum</strong></span> <span class='ocrx_word' id='word_1_40' title='bbox 268 577 307 622; x_wconf 90' lang='lat' dir='ltr'><strong>est</strong></span> <span class='ocrx_word' id='word_1_41' title='bbox 316 569 423 633; x_wconf 86' lang='lat' dir='ltr'><strong>missus,</strong></span> <span class='ocrx_word' id='word_1_42' title='bbox 436 567 483 640; x_wconf 92' lang='lat' dir='ltr'><strong>qui</strong></span> <span class='ocrx_word' id='word_1_43' title='bbox 492 569 598 632; x_wconf 84' lang='lat' dir='ltr'><strong>diceret,</strong></span> <span class='ocrx_word' id='word_1_44' title='bbox 607 568 729 622; x_wconf 75' lang='lat' dir='ltr'><strong>audiente</strong></span> <span class='ocrx_word' id='word_1_45' title='bbox 736 569 826 623; x_wconf 82' lang='lat' dir='ltr'><strong>Saser-</strong></span> 
     </span>
     <span class='ocr_line' id='line_1_7' title="bbox 20 643 827 714; baseline 0.001 -18"><span class='ocrx_word' id='word_1_46' title='bbox 20 665 84 702; x_wconf 82' lang='lat' dir='ltr'><strong>.ne:</strong></span> <span class='ocrx_word' id='word_1_47' title='bbox 110 644 183 698; x_wconf 75' lang='lat' dir='ltr'><strong>Volet</strong></span> <span class='ocrx_word' id='word_1_48' title='bbox 192 651 273 696; x_wconf 77' lang='lat' dir='ltr'><strong>torem</strong></span> <span class='ocrx_word' id='word_1_49' title='bbox 285 647 405 712; x_wconf 76' lang='lat' dir='ltr'><strong><em>colloqui.</em></strong></span> <span class='ocrx_word' id='word_1_50' title='bbox 429 643 488 708; x_wconf 83' lang='lat' dir='ltr'><strong>Quo</strong></span> <span class='ocrx_word' id='word_1_51' title='bbox 501 643 597 698; x_wconf 89' lang='lat' dir='ltr'><strong>nuncio</strong></span> <span class='ocrx_word' id='word_1_52' title='bbox 610 644 763 714; x_wconf 81' lang='lat' dir='ltr'><strong>perterritus</strong></span> <span class='ocrx_word' id='word_1_53' title='bbox 770 643 827 698; x_wconf 85' lang='lat' dir='ltr'><strong>dis-</strong></span> 
     </span>
     <span class='ocr_line' id='line_1_8' title="bbox 31 715 826 791; baseline -0.005 -15"><span class='ocrx_word' id='word_1_54' title='bbox 31 716 115 776; x_wconf 84' lang='lat' dir='ltr'><strong>cessit</strong></span> <span class='ocrx_word' id='word_1_55' title='bbox 129 723 154 770; x_wconf 90' lang='lat' dir='ltr'><strong>et</strong></span> <span class='ocrx_word' id='word_1_56' title='bbox 167 715 235 770; x_wconf 86' lang='lat' dir='ltr'><strong>dieto</strong></span> <span class='ocrx_word' id='word_1_57' title='bbox 245 717 353 772; x_wconf 89' lang='lat' dir='ltr'><strong>audiens</strong></span> <span class='ocrx_word' id='word_1_58' title='bbox 367 717 416 772; x_wconf 90' lang='lat' dir='ltr'><strong>fuit</strong></span> <span class='ocrx_word' id='word_1_59' title='bbox 425 718 490 791; x_wconf 86' lang='lat' dir='ltr'><strong>regi.</strong></span> <span class='ocrx_word' id='word_1_60' title='bbox 522 717 576 772; x_wconf 89' lang='lat' dir='ltr'><strong>Usu</strong></span> <span class='ocrx_word' id='word_1_61' title='bbox 589 719 692 772; x_wconf 80' lang='lat' dir='ltr'><strong>venisse</strong></span> <span class='ocrx_word' id='word_1_62' title='bbox 705 718 757 774; x_wconf 87' lang='lat' dir='ltr'><strong>hoe</strong></span> <span class='ocrx_word' id='word_1_63' title='bbox 773 719 826 773; x_wconf 85' lang='lat' dir='ltr'><strong>civi</strong></span> 
     </span>
     <span class='ocr_line' id='line_1_9' title="bbox 31 791 823 864; baseline -0.005 -14"><span class='ocrx_word' id='word_1_64' title='bbox 31 791 237 856; x_wconf 68' lang='lat' dir='ltr'><strong>Remaudetei,</strong></span> <span class='ocrx_word' id='word_1_65' title='bbox 244 792 291 864; x_wconf 87' lang='lat' dir='ltr'><strong>qui</strong></span> <span class='ocrx_word' id='word_1_66' title='bbox 302 791 421 864; x_wconf 82' lang='lat' dir='ltr'><strong>apopulo</strong></span> <span class='ocrx_word' id='word_1_67' title='bbox 430 793 548 848; x_wconf 84' lang='lat' dir='ltr'><strong>Romano</strong></span> <span class='ocrx_word' id='word_1_68' title='bbox 556 793 667 848; x_wconf 87' lang='lat' dir='ltr'><strong>bonores</strong></span> <span class='ocrx_word' id='word_1_69' title='bbox 675 793 823 864; x_wconf 81' lang='lat' dir='ltr'><strong>accepisset,</strong></span> 
     </span>
     <span class='ocr_line' id='line_1_10' title="bbox 31 865 827 938; baseline -0.003 -14"><span class='ocrx_word' id='word_1_70' title='bbox 31 865 164 924; x_wconf 84' lang='lat' dir='ltr'><strong>incolumi</strong></span> <span class='ocrx_word' id='word_1_71' title='bbox 183 867 265 938; x_wconf 81' lang='lat' dir='ltr'><strong>patrie</strong></span> <span class='ocrx_word' id='word_1_72' title='bbox 284 865 448 938; x_wconf 82' lang='lat' dir='ltr'><strong>fortunisque</strong></span> <span class='ocrx_word' id='word_1_73' title='bbox 470 867 609 932; x_wconf 85' lang='lat' dir='ltr'><strong>omnibus,</strong></span> <span class='ocrx_word' id='word_1_74' title='bbox 623 869 704 924; x_wconf 87' lang='lat' dir='ltr'><strong>lubae</strong></span> <span class='ocrx_word' id='word_1_75' title='bbox 716 869 827 922; x_wconf 84' lang='lat' dir='ltr'><strong>barbaro</strong></span> 
     </span>
     <span class='ocr_line' id='line_1_11' title="bbox 30 941 826 1017; baseline 0.001 -20"><span class='ocrx_word' id='word_1_76' title='bbox 30 943 124 1017; x_wconf 77' lang='lat' dir='ltr'><strong>potius</strong></span> <span class='ocrx_word' id='word_1_77' title='bbox 133 941 295 997; x_wconf 83' lang='lat' dir='ltr'><strong>obedientem</strong></span> <span class='ocrx_word' id='word_1_78' title='bbox 304 942 395 1008; x_wconf 87' lang='lat' dir='ltr'><strong>fuisse,</strong></span> <span class='ocrx_word' id='word_1_79' title='bbox 410 959 491 1013; x_wconf 85' lang='lat' dir='ltr'><strong>quam</strong></span> <span class='ocrx_word' id='word_1_80' title='bbox 501 949 546 996; x_wconf 86' lang='lat' dir='ltr'><strong>aut</strong></span> <span class='ocrx_word' id='word_1_81' title='bbox 555 943 685 1014; x_wconf 86' lang='lat' dir='ltr'><strong>Scipionis</strong></span> <span class='ocrx_word' id='word_1_82' title='bbox 692 943 826 1014; x_wconf 85' lang='lat' dir='ltr'><strong>obtempe-</strong></span> 
     </span>
     <span class='ocr_line' id='line_1_12' title="bbox 31 1016 827 1086; baseline -0.003 -12"><span class='ocrx_word' id='word_1_83' title='bbox 31 1035 107 1074; x_wconf 87' lang='lat' dir='ltr'><strong>rasse</strong></span> <span class='ocrx_word' id='word_1_84' title='bbox 117 1017 224 1082; x_wconf 84' lang='lat' dir='ltr'><strong>nuncio,</strong></span> <span class='ocrx_word' id='word_1_85' title='bbox 237 1025 291 1082; x_wconf 86' lang='lat' dir='ltr'><strong>aut,</strong></span> <span class='ocrx_word' id='word_1_86' title='bbox 311 1019 395 1072; x_wconf 83' lang='lat' dir='ltr'><strong>caesis</strong></span> <span class='ocrx_word' id='word_1_87' title='bbox 404 1016 523 1071; x_wconf 84' lang='lat' dir='ltr'><strong>eiusdem</strong></span> <span class='ocrx_word' id='word_1_88' title='bbox 532 1019 737 1086; x_wconf 84' lang='lat' dir='ltr'><strong>partiscivibus‚</strong></span> <span class='ocrx_word' id='word_1_89' title='bbox 753 1018 827 1072; x_wconf 80' lang='lat' dir='ltr'><strong>ineo-</strong></span> 
     </span>
    </p>
   </div>
   <div class='ocr_carea' id='block_1_5' title="bbox 30 1090 916 1162">
    <p class='ocr_par' dir='ltr' id='par_1_5' title="bbox 30 1090 916 1162">
     <span class='ocr_line' id='line_1_13' title="bbox 30 1090 916 1162; baseline -0.005 -12"><span class='ocrx_word' id='word_1_90' title='bbox 30 1095 137 1150; x_wconf 86' lang='lat' dir='ltr'><strong>lumem</strong></span> <span class='ocrx_word' id='word_1_91' title='bbox 155 1092 250 1146; x_wconf 81' lang='lat' dir='ltr'><strong>rcverti</strong></span> <span class='ocrx_word' id='word_1_92' title='bbox 268 1091 360 1146; x_wconf 79' lang='lat' dir='ltr'><strong>mullei</strong></span> <span class='ocrx_word' id='word_1_93' title='bbox 389 1091 476 1160; x_wconf 80' lang='lat' dir='ltr'><strong>Atque</strong></span> <span class='ocrx_word' id='word_1_94' title='bbox 492 1090 570 1146; x_wconf 84' lang='lat' dir='ltr'><strong>etiem</strong></span> <span class='ocrx_word' id='word_1_95' title='bbox 587 1093 729 1162; x_wconf 84' lang='lat' dir='ltr'><strong>superbius</strong></span> <span class='ocrx_word' id='word_1_96' title='bbox 745 1094 826 1148; x_wconf 82' lang='lat' dir='ltr'><strong>lubre</strong></span> <span class='ocrx_word' id='word_1_97' title='bbox 914 1125 916 1132; x_wconf 29' lang='grc' dir='ltr'>κ</span> 
     </span>
    </p>
   </div>
   <div class='ocr_carea' id='block_1_6' title="bbox 17 1163 894 2731">
    <p class='ocr_par' dir='ltr' id='par_1_6' title="bbox 17 1163 894 2731">
     <span class='ocr_line' id='line_1_14' title="bbox 26 1163 827 1238; baseline -0.001 -14"><span class='ocrx_word' id='word_1_98' title='bbox 26 1169 134 1225; x_wconf 35' lang='lat' dir='ltr'><strong>*factum</strong></span> <span class='ocrx_word' id='word_1_99' title='bbox 149 1182 202 1220; x_wconf 91' lang='lat' dir='ltr'><strong>unu</strong></span> <span class='ocrx_word' id='word_1_100' title='bbox 223 1165 252 1218; x_wconf 91' lang='lat' dir='ltr'><strong>in</strong></span> <span class='ocrx_word' id='word_1_101' title='bbox 264 1166 301 1220; x_wconf 88' lang='lat' dir='ltr'><strong>M.</strong></span> <span class='ocrx_word' id='word_1_102' title='bbox 318 1165 475 1236; x_wconf 83' lang='lat' dir='ltr'><strong>Aquinium,</strong></span> <span class='ocrx_word' id='word_1_103' title='bbox 496 1163 629 1220; x_wconf 85' lang='lat' dir='ltr'><strong>bominem</strong></span> <span class='ocrx_word' id='word_1_104' title='bbox 648 1183 747 1222; x_wconf 84' lang='lat' dir='ltr'><strong>novum</strong></span> <span class='ocrx_word' id='word_1_105' title='bbox 765 1185 827 1238; x_wconf 88' lang='lat' dir='ltr'><strong>par-</strong></span> 
     </span>
     <span class='ocr_line' id='line_1_15' title="bbox 26 1237 881 1310; baseline 0 -14"><span class='ocrx_word' id='word_1_106' title='bbox 26 1256 158 1310; x_wconf 69' lang='lat' dir='ltr'><strong>uumque</strong></span> <span class='ocrx_word' id='word_1_107' title='bbox 170 1244 329 1302; x_wconf 81' lang='lat' dir='ltr'><strong>senatorem,</strong></span> <span class='ocrx_word' id='word_1_108' title='bbox 349 1238 395 1292; x_wconf 88' lang='lat' dir='ltr'><strong>sed</strong></span> <span class='ocrx_word' id='word_1_109' title='bbox 409 1239 436 1292; x_wconf 91' lang='lat' dir='ltr'><strong>in</strong></span> <span class='ocrx_word' id='word_1_110' title='bbox 450 1237 612 1307; x_wconf 84' lang='lat' dir='ltr'><strong>Scipionem,</strong></span> <span class='ocrx_word' id='word_1_111' title='bbox 631 1239 767 1296; x_wconf 86' lang='lat' dir='ltr'><strong>bominem</strong></span> <span class='ocrx_word' id='word_1_112' title='bbox 781 1240 826 1296; x_wconf 87' lang='lat' dir='ltr'><strong>illa</strong></span> <span class='ocrx_word' id='word_1_113' title='bbox 878 1265 881 1272; x_wconf 91' lang='lat'>·</span> 
     </span>
     <span class='ocr_line' id='line_1_16' title="bbox 32 1311 824 1386; baseline 0.001 -17"><span class='ocrx_word' id='word_1_114' title='bbox 32 1313 147 1376; x_wconf 81' lang='lat' dir='ltr'><strong>familia,</strong></span> <span class='ocrx_word' id='word_1_115' title='bbox 158 1311 292 1384; x_wconf 75' lang='lat' dir='ltr'><strong>dignitate,</strong></span> <span class='ocrx_word' id='word_1_116' title='bbox 306 1312 451 1368; x_wconf 87' lang='lat' dir='ltr'><strong>honoribus</strong></span> <span class='ocrx_word' id='word_1_117' title='bbox 459 1320 642 1383; x_wconf 80' lang='lat' dir='ltr'><strong>praestantem.</strong></span> <span class='ocrx_word' id='word_1_118' title='bbox 662 1315 729 1368; x_wconf 82' lang='lat' dir='ltr'><strong>Num</strong></span> <span class='ocrx_word' id='word_1_119' title='bbox 740 1331 824 1386; x_wconf 88' lang='lat' dir='ltr'><strong>quum</strong></span> 
     </span>
     <span class='ocr_line' id='line_1_17' title="bbox 26 1385 826 1460; baseline 0.004 -20"><span class='ocrx_word' id='word_1_120' title='bbox 26 1388 125 1460; x_wconf 21' lang='lat' dir='ltr'><strong>*Scipio</strong></span> <span class='ocrx_word' id='word_1_121' title='bbox 134 1385 228 1459; x_wconf 85' lang='lat' dir='ltr'><strong>sagulo</strong></span> <span class='ocrx_word' id='word_1_122' title='bbox 237 1403 370 1458; x_wconf 87' lang='lat' dir='ltr'><strong>purpureo</strong></span> <span class='ocrx_word' id='word_1_123' title='bbox 377 1394 437 1442; x_wconf 84' lang='lat' dir='ltr'><strong>aute</strong></span> <span class='ocrx_word' id='word_1_124' title='bbox 450 1386 519 1458; x_wconf 76' lang='lat' dir='ltr'><strong>regis</strong></span> <span class='ocrx_word' id='word_1_125' title='bbox 529 1386 672 1442; x_wconf 83' lang='lat' dir='ltr'><strong>adventum</strong></span> <span class='ocrx_word' id='word_1_126' title='bbox 685 1389 723 1442; x_wconf 87' lang='lat' dir='ltr'><strong>uti</strong></span> <span class='ocrx_word' id='word_1_127' title='bbox 734 1389 826 1443; x_wconf 89' lang='lat' dir='ltr'><strong>solitus</strong></span> 
     </span>
     <span class='ocr_line' id='line_1_18' title="bbox 33 1461 828 1534; baseline -0.004 -15"><span class='ocrx_word' id='word_1_128' title='bbox 33 1470 114 1528; x_wconf 84' lang='lat' dir='ltr'><strong>esset,</strong></span> <span class='ocrx_word' id='word_1_129' title='bbox 135 1461 230 1516; x_wconf 90' lang='lat' dir='ltr'><strong>dicitur</strong></span> <span class='ocrx_word' id='word_1_130' title='bbox 243 1461 307 1516; x_wconf 85' lang='lat' dir='ltr'><strong>lube</strong></span> <span class='ocrx_word' id='word_1_131' title='bbox 323 1477 385 1516; x_wconf 88' lang='lat' dir='ltr'><strong>oum</strong></span> <span class='ocrx_word' id='word_1_132' title='bbox 396 1477 429 1516; x_wconf 51' lang='lat' dir='ltr'><strong>¹co</strong></span> <span class='ocrx_word' id='word_1_133' title='bbox 442 1461 539 1534; x_wconf 81' lang='lat' dir='ltr'><strong>egisse,</strong></span> <span class='ocrx_word' id='word_1_134' title='bbox 559 1479 612 1516; x_wconf 85' lang='lat' dir='ltr'><strong>non</strong></span> <span class='ocrx_word' id='word_1_135' title='bbox 624 1471 740 1529; x_wconf 77' lang='lat' dir='ltr'><strong>oportere</strong></span> <span class='ocrx_word' id='word_1_136' title='bbox 753 1467 828 1516; x_wconf 81' lang='lat' dir='ltr'><strong>illum</strong></span> 
     </span>
     <span class='ocr_line' id='line_1_19' title="bbox 33 1535 894 1607; baseline -0.006 -12"><span class='ocrx_word' id='word_1_137' title='bbox 33 1545 123 1595; x_wconf 82' lang='lat' dir='ltr'><strong>codem</strong></span> <span class='ocrx_word' id='word_1_138' title='bbox 132 1542 172 1591; x_wconf 84' lang='lat' dir='ltr'><strong>cll</strong></span> <span class='ocrx_word' id='word_1_139' title='bbox 181 1540 364 1606; x_wconf 66' lang='lat' dir='ltr'><strong>restituatque</strong></span> <span class='ocrx_word' id='word_1_140' title='bbox 372 1541 426 1604; x_wconf 80' lang='lat' dir='ltr'><strong>ipre</strong></span> <span class='ocrx_word' id='word_1_141' title='bbox 435 1543 559 1590; x_wconf 80' lang='lat' dir='ltr'><strong>uteretur.</strong></span> <span class='ocrx_word' id='word_1_142' title='bbox 572 1535 767 1607; x_wconf 84' lang='lat' dir='ltr'><strong>Itaquefactum</strong></span> <span class='ocrx_word' id='word_1_143' title='bbox 777 1545 825 1592; x_wconf 86' lang='lat' dir='ltr'><strong>est.</strong></span> <span class='ocrx_word' id='word_1_144' title='bbox 888 1545 894 1559; x_wconf 91' lang='grc'>·</span> 
     </span>
     <span class='ocr_line' id='line_1_20' title="bbox 17 1609 825 1682; baseline -0.005 -12"><span class='ocrx_word' id='word_1_145' title='bbox 17 1611 19 1618; x_wconf 53' lang='lat'><strong><em>⁴</em></strong></span> <span class='ocrx_word' id='word_1_146' title='bbox 33 1623 64 1670; x_wconf 92' lang='lat' dir='ltr'><strong>ut</strong></span> <span class='ocrx_word' id='word_1_147' title='bbox 76 1612 166 1682; x_wconf 87' lang='lat' dir='ltr'><strong>Scipio</strong></span> <span class='ocrx_word' id='word_1_148' title='bbox 180 1611 215 1666; x_wconf 92' lang='lat' dir='ltr'><strong>ad</strong></span> <span class='ocrx_word' id='word_1_149' title='bbox 227 1609 318 1664; x_wconf 85' lang='lat' dir='ltr'><strong>album</strong></span> <span class='ocrx_word' id='word_1_150' title='bbox 332 1629 388 1666; x_wconf 87' lang='lat' dir='ltr'><strong>sese</strong></span> <span class='ocrx_word' id='word_1_151' title='bbox 402 1611 524 1666; x_wconf 79' lang='lat' dir='ltr'><strong>vestitum</strong></span> <span class='ocrx_word' id='word_1_152' title='bbox 538 1609 687 1664; x_wconf 74' lang='lat' dir='ltr'><strong>transferret</strong></span> <span class='ocrx_word' id='word_1_153' title='bbox 698 1617 724 1666; x_wconf 90' lang='lat' dir='ltr'><strong>et</strong></span> <span class='ocrx_word' id='word_1_154' title='bbox 737 1611 825 1677; x_wconf 87' lang='lat' dir='ltr'><strong>lubae,</strong></span> 
     </span>
     <span class='ocr_line' id='line_1_21' title="bbox 27 1685 773 1757; baseline -0.009 -12"><span class='ocrx_word' id='word_1_155' title='bbox 27 1686 139 1744; x_wconf 80' lang='lat' dir='ltr'><strong>bomini</strong></span> <span class='ocrx_word' id='word_1_156' title='bbox 149 1685 339 1757; x_wconf 85' lang='lat' dir='ltr'><strong>superbissimo</strong></span> <span class='ocrx_word' id='word_1_157' title='bbox 346 1685 565 1756; x_wconf 80' lang='lat' dir='ltr'><strong>inertissimoque,</strong></span> <span class='ocrx_word' id='word_1_158' title='bbox 576 1685 773 1756; x_wconf 81' lang='lat' dir='ltr'><strong>obtemperaret.</strong></span> 
     </span>
     <span class='ocr_line' id='line_1_22' title="bbox 91 1760 828 1816; baseline 0 -1"><span class='ocrx_word' id='word_1_159' title='bbox 91 1761 179 1816; x_wconf 81' lang='lat' dir='ltr'>Lvlss.</span> <span class='ocrx_word' id='word_1_160' title='bbox 211 1761 317 1814; x_wconf 88' lang='lat' dir='ltr'><strong>Postero</strong></span> <span class='ocrx_word' id='word_1_161' title='bbox 333 1760 378 1815; x_wconf 87' lang='lat' dir='ltr'><strong>die</strong></span> <span class='ocrx_word' id='word_1_162' title='bbox 394 1761 531 1815; x_wconf 82' lang='lat' dir='ltr'><strong>universas</strong></span> <span class='ocrx_word' id='word_1_163' title='bbox 548 1761 669 1816; x_wconf 87' lang='lat' dir='ltr'><strong>omniurn</strong></span> <span class='ocrx_word' id='word_1_164' title='bbox 691 1777 720 1814; x_wconf 91' lang='lat' dir='ltr'><strong>co</strong></span> <span class='ocrx_word' id='word_1_165' title='bbox 739 1761 779 1814; x_wconf 87' lang='lat' dir='ltr'><strong>ias</strong></span> <span class='ocrx_word' id='word_1_166' title='bbox 795 1760 828 1815; x_wconf 90' lang='lat' dir='ltr'><strong>de</strong></span> 
     </span>
     <span class='ocr_line' id='line_1_23' title="bbox 34 1832 827 1906; baseline -0.003 -14"><span class='ocrx_word' id='word_1_167' title='bbox 34 1835 264 1892; x_wconf 84' lang='lat' dir='ltr'><strong>castrisomnibus</strong></span> <span class='ocrx_word' id='word_1_168' title='bbox 278 1834 393 1889; x_wconf 87' lang='lat' dir='ltr'><strong>educunt</strong></span> <span class='ocrx_word' id='word_1_169' title='bbox 404 1843 437 1900; x_wconf 87' lang='lat' dir='ltr'><strong>et,</strong></span> <span class='ocrx_word' id='word_1_170' title='bbox 458 1832 627 1906; x_wconf 82' lang='lat' dir='ltr'><strong>supercilium</strong></span> <span class='ocrx_word' id='word_1_171' title='bbox 637 1834 709 1906; x_wconf 90' lang='lat' dir='ltr'><strong>quod</strong></span> <span class='ocrx_word' id='word_1_172' title='bbox 728 1853 770 1888; x_wconf 88' lang='lat' dir='ltr'><strong>am</strong></span> <span class='ocrx_word' id='word_1_173' title='bbox 781 1852 827 1890; x_wconf 79' lang='lat' dir='ltr'><strong>eu-</strong></span> 
     </span>
     <span class='ocr_line' id='line_1_24' title="bbox 34 1908 828 1982; baseline -0.005 -14"><span class='ocrx_word' id='word_1_174' title='bbox 34 1913 138 1968; x_wconf 83' lang='lat' dir='ltr'><strong>cnlsum</strong></span> <span class='ocrx_word' id='word_1_175' title='bbox 149 1909 227 1974; x_wconf 77' lang='lat' dir='ltr'><strong>nacti,</strong></span> <span class='ocrx_word' id='word_1_176' title='bbox 239 1925 292 1964; x_wconf 90' lang='lat' dir='ltr'><strong>non</strong></span> <span class='ocrx_word' id='word_1_177' title='bbox 302 1908 379 1982; x_wconf 80' lang='lat' dir='ltr'><strong>longe</strong></span> <span class='ocrx_word' id='word_1_178' title='bbox 387 1927 403 1964; x_wconf 89' lang='lat' dir='ltr'><strong>a</strong></span> <span class='ocrx_word' id='word_1_179' title='bbox 411 1910 529 1966; x_wconf 86' lang='lat' dir='ltr'><strong>Caesaris</strong></span> <span class='ocrx_word' id='word_1_180' title='bbox 539 1911 629 1964; x_wconf 85' lang='lat' dir='ltr'><strong>castris</strong></span> <span class='ocrx_word' id='word_1_181' title='bbox 639 1910 721 1964; x_wconf 86' lang='lat' dir='ltr'><strong>aciem</strong></span> <span class='ocrx_word' id='word_1_182' title='bbox 731 1911 828 1966; x_wconf 78' lang='lat' dir='ltr'><strong>musti-</strong></span> 
     </span>
     <span class='ocr_line' id='line_1_25' title="bbox 33 1984 826 2057; baseline -0.004 -14"><span class='ocrx_word' id='word_1_183' title='bbox 33 1995 115 2043; x_wconf 89' lang='lat' dir='ltr'><strong>tuunt</strong></span> <span class='ocrx_word' id='word_1_184' title='bbox 126 1984 252 2057; x_wconf 89' lang='lat' dir='ltr'><strong>atqneibi</strong></span> <span class='ocrx_word' id='word_1_185' title='bbox 262 1985 417 2040; x_wconf 84' lang='lat' dir='ltr'><strong>consistunt.</strong></span> <span class='ocrx_word' id='word_1_186' title='bbox 438 1985 532 2040; x_wconf 82' lang='lat' dir='ltr'><strong>Caesar</strong></span> <span class='ocrx_word' id='word_1_187' title='bbox 541 1985 602 2040; x_wconf 89' lang='lat' dir='ltr'><strong>item</strong></span> <span class='ocrx_word' id='word_1_188' title='bbox 612 1984 730 2055; x_wconf 87' lang='lat' dir='ltr'><strong>producit</strong></span> <span class='ocrx_word' id='word_1_189' title='bbox 739 1986 826 2056; x_wconf 82' lang='lat' dir='ltr'><strong>copias</strong></span> 
     </span>
     <span class='ocr_line' id='line_1_26' title="bbox 34 2060 827 2132; baseline -0.001 -15"><span class='ocrx_word' id='word_1_190' title='bbox 34 2062 205 2132; x_wconf 73' lang='lat' dir='ltr'><strong>celeriterque</strong></span> <span class='ocrx_word' id='word_1_191' title='bbox 222 2060 256 2114; x_wconf 88' lang='lat' dir='ltr'><strong>iis</strong></span> <span class='ocrx_word' id='word_1_192' title='bbox 276 2061 409 2114; x_wconf 87' lang='lat' dir='ltr'><strong>instructis</strong></span> <span class='ocrx_word' id='word_1_193' title='bbox 423 2067 482 2114; x_wconf 86' lang='lat' dir='ltr'><strong>ante</strong></span> <span class='ocrx_word' id='word_1_194' title='bbox 493 2077 557 2114; x_wconf 87' lang='lat' dir='ltr'><strong>suas</strong></span> <span class='ocrx_word' id='word_1_195' title='bbox 569 2060 738 2126; x_wconf 79' lang='lat' dir='ltr'><strong>munitiones,</strong></span> <span class='ocrx_word' id='word_1_196' title='bbox 759 2079 827 2132; x_wconf 89' lang='lat' dir='ltr'><strong>quae</strong></span> 
     </span>
     <span class='ocr_line' id='line_1_27' title="bbox 36 2134 826 2206; baseline -0.001 -15"><span class='ocrx_word' id='word_1_197' title='bbox 36 2143 109 2191; x_wconf 85' lang='lat' dir='ltr'><strong>eraut</strong></span> <span class='ocrx_word' id='word_1_198' title='bbox 119 2137 148 2190; x_wconf 89' lang='lat' dir='ltr'><strong>iu</strong></span> <span class='ocrx_word' id='word_1_199' title='bbox 156 2151 258 2206; x_wconf 76' lang='lat' dir='ltr'><strong>compo,</strong></span> <span class='ocrx_word' id='word_1_200' title='bbox 269 2135 396 2204; x_wconf 84' lang='lat' dir='ltr'><strong>constitit;</strong></span> <span class='ocrx_word' id='word_1_201' title='bbox 417 2136 475 2190; x_wconf 88' lang='lat' dir='ltr'><strong>sine</strong></span> <span class='ocrx_word' id='word_1_202' title='bbox 486 2134 569 2190; x_wconf 87' lang='lat' dir='ltr'><strong>dubie</strong></span> <span class='ocrx_word' id='word_1_203' title='bbox 577 2135 741 2202; x_wconf 81' lang='lat' dir='ltr'><strong>existimans,</strong></span> <span class='ocrx_word' id='word_1_204' title='bbox 757 2136 826 2190; x_wconf 87' lang='lat' dir='ltr'><strong>ultro</strong></span> 
     </span>
     <span class='ocr_line' id='line_1_28' title="bbox 27 2209 826 2284; baseline 0.001 -21"><span class='ocrx_word' id='word_1_205' title='bbox 27 2209 207 2274; x_wconf 75' lang='lat' dir='ltr'><strong>adversarios,</strong></span> <span class='ocrx_word' id='word_1_206' title='bbox 225 2227 310 2280; x_wconf 88' lang='lat' dir='ltr'><strong>quum</strong></span> <span class='ocrx_word' id='word_1_207' title='bbox 320 2217 372 2265; x_wconf 87' lang='lat' dir='ltr'><strong>tam</strong></span> <span class='ocrx_word' id='word_1_208' title='bbox 384 2211 488 2284; x_wconf 78' lang='lat' dir='ltr'><strong>maguis</strong></span> <span class='ocrx_word' id='word_1_209' title='bbox 498 2211 579 2280; x_wconf 87' lang='lat' dir='ltr'><strong>copiis</strong></span> <span class='ocrx_word' id='word_1_210' title='bbox 588 2210 748 2282; x_wconf 77' lang='lat' dir='ltr'><strong>auxiliisque</strong></span> <span class='ocrx_word' id='word_1_211' title='bbox 757 2211 826 2282; x_wconf 80' lang='lat' dir='ltr'><strong>regis</strong></span> 
     </span>
     <span class='ocr_line' id='line_1_29' title="bbox 37 2283 828 2358; baseline 0 -20"><span class='ocrx_word' id='word_1_212' title='bbox 37 2289 125 2338; x_wconf 85' lang='lat' dir='ltr'><strong>essent</strong></span> <span class='ocrx_word' id='word_1_213' title='bbox 134 2283 242 2352; x_wconf 87' lang='lat' dir='ltr'><strong>praediti</strong></span> <span class='ocrx_word' id='word_1_214' title='bbox 256 2286 438 2358; x_wconf 87' lang='lat' dir='ltr'><strong>promtiusque</strong></span> <span class='ocrx_word' id='word_1_215' title='bbox 450 2285 641 2356; x_wconf 86' lang='lat' dir='ltr'><strong>prosiluissent,</strong></span> <span class='ocrx_word' id='word_1_216' title='bbox 655 2292 714 2339; x_wconf 85' lang='lat' dir='ltr'><strong>aute</strong></span> <span class='ocrx_word' id='word_1_217' title='bbox 723 2302 753 2338; x_wconf 89' lang='lat' dir='ltr'><strong>se</strong></span> <span class='ocrx_word' id='word_1_218' title='bbox 764 2301 828 2338; x_wconf 90' lang='lat' dir='ltr'><strong>con-</strong></span> 
     </span>
     <span class='ocr_line' id='line_1_30' title="bbox 36 2358 828 2431; baseline -0.001 -19"><span class='ocrx_word' id='word_1_219' title='bbox 36 2358 331 2430; x_wconf 77' lang='lat' dir='ltr'><strong>oursrirmpropiusque</strong></span> <span class='ocrx_word' id='word_1_220' title='bbox 339 2377 368 2414; x_wconf 87' lang='lat' dir='ltr'><strong>se</strong></span> <span class='ocrx_word' id='word_1_221' title='bbox 375 2377 533 2416; x_wconf 72' lang='lat' dir='ltr'><strong>nonem-uros</strong></span> <span class='ocrx_word' id='word_1_222' title='bbox 553 2359 828 2431; x_wconf 86' lang='lat' dir='ltr'><strong>Equocireumveetus</strong></span> 
     </span>
     <span class='ocr_line' id='line_1_31' title="bbox 36 2433 827 2508; baseline -0.001 -21"><span class='ocrx_word' id='word_1_223' title='bbox 36 2433 207 2506; x_wconf 83' lang='lat' dir='ltr'><strong>legionesque</strong></span> <span class='ocrx_word' id='word_1_224' title='bbox 215 2433 370 2500; x_wconf 85' lang='lat' dir='ltr'><strong>cohortatus,</strong></span> <span class='ocrx_word' id='word_1_225' title='bbox 393 2434 548 2508; x_wconf 82' lang='lat' dir='ltr'><strong>siguodelo,</strong></span> <span class='ocrx_word' id='word_1_226' title='bbox 566 2433 827 2488; x_wconf 86' lang='lat' dir='ltr'><strong>accessumhostium</strong></span> 
     </span>
     <span class='ocr_line' id='line_1_32' title="bbox 29 2506 828 2580; baseline -0.003 -18"><span class='ocrx_word' id='word_1_227' title='bbox 29 2507 230 2579; x_wconf 75' lang='lat' dir='ltr'><strong>aucupabatur:</strong></span> <span class='ocrx_word' id='word_1_228' title='bbox 251 2507 308 2578; x_wconf 87' lang='lat' dir='ltr'><strong>ipsa</strong></span> <span class='ocrx_word' id='word_1_229' title='bbox 320 2510 396 2564; x_wconf 85' lang='lat' dir='ltr'><strong>euim-</strong></span> <span class='ocrx_word' id='word_1_230' title='bbox 408 2529 424 2564; x_wconf 92' lang='lat' dir='ltr'><strong>a</strong></span> <span class='ocrx_word' id='word_1_231' title='bbox 437 2509 494 2564; x_wconf 90' lang='lat' dir='ltr'><strong>suis</strong></span> <span class='ocrx_word' id='word_1_232' title='bbox 513 2507 706 2563; x_wconf 87' lang='lat' dir='ltr'><strong>munitionibus</strong></span> <span class='ocrx_word' id='word_1_233' title='bbox 722 2506 828 2580; x_wconf 82' lang='lat' dir='ltr'><strong>longius</strong></span> 
     </span>
     <span class='ocr_line' id='line_1_33' title="bbox 38 2581 839 2654; baseline 0 -18"><span class='ocrx_word' id='word_1_234' title='bbox 38 2601 90 2638; x_wconf 91' lang='lat' dir='ltr'><strong>nou</strong></span> <span class='ocrx_word' id='word_1_235' title='bbox 100 2584 159 2638; x_wconf 89' lang='lat' dir='ltr'><strong>sine</strong></span> <span class='ocrx_word' id='word_1_236' title='bbox 168 2581 267 2636; x_wconf 82' lang='lat' dir='ltr'><strong>ratione</strong></span> <span class='ocrx_word' id='word_1_237' title='bbox 275 2599 328 2636; x_wconf 91' lang='lat' dir='ltr'><strong>non</strong></span> <span class='ocrx_word' id='word_1_238' title='bbox 337 2583 499 2654; x_wconf 84' lang='lat' dir='ltr'><strong>procedebat,</strong></span> <span class='ocrx_word' id='word_1_239' title='bbox 507 2581 615 2654; x_wconf 87' lang='lat' dir='ltr'><strong>quodin</strong></span> <span class='ocrx_word' id='word_1_240' title='bbox 625 2581 721 2652; x_wconf 90' lang='lat' dir='ltr'><strong>oppido</strong></span> <span class='ocrx_word' id='word_1_241' title='bbox 729 2582 839 2645; x_wconf 66' lang='lat' dir='ltr'><strong>Urius„</strong></span> 
     </span>
     <span class='ocr_line' id='line_1_34' title="bbox 39 2657 825 2731; baseline 0 -17"><span class='ocrx_word' id='word_1_242' title='bbox 39 2659 109 2729; x_wconf 89' lang='lat' dir='ltr'><strong>quod</strong></span> <span class='ocrx_word' id='word_1_243' title='bbox 124 2657 211 2731; x_wconf 81' lang='lat' dir='ltr'><strong>Scipio</strong></span> <span class='ocrx_word' id='word_1_244' title='bbox 220 2657 331 2725; x_wconf 84' lang='lat' dir='ltr'><strong>tenebat,</strong></span> <span class='ocrx_word' id='word_1_245' title='bbox 350 2659 466 2716; x_wconf 85' lang='lat' dir='ltr'><strong>hostium</strong></span> <span class='ocrx_word' id='word_1_246' title='bbox 482 2665 555 2718; x_wconf 69' lang='lat' dir='ltr'><strong>naut</strong></span> <span class='ocrx_word' id='word_1_247' title='bbox 568 2657 685 2712; x_wconf 85' lang='lat' dir='ltr'><strong>cobortes</strong></span> <span class='ocrx_word' id='word_1_248' title='bbox 701 2663 825 2726; x_wconf 77' lang='lat' dir='ltr'><strong>armetac3</strong></span> 
     </span>
    </p>
   </div>
   <div class='ocr_carea' id='block_1_7' title="bbox 586 2748 662 2823">
    <p class='ocr_par' dir='ltr' id='par_1_7' title="bbox 586 2748 662 2823">
     <span class='ocr_line' id='line_1_35' title="bbox 586 2748 662 2823; baseline 0.026 -19"><span class='ocrx_word' id='word_1_249' title='bbox 586 2748 662 2823; x_wconf 70' lang='lat' dir='ltr'><strong>(igi</strong></span> 
     </span>
    </p>
   </div>
   <div class='ocr_carea' id='block_1_8' title="bbox 0 0 1033 2992">
    <p class='ocr_par' dir='ltr' id='par_1_8' title="bbox 0 0 1033 2992">
     <span class='ocr_line' id='line_1_36' title="bbox 0 0 1033 2992; baseline 0 0"><span class='ocrx_word' id='word_1_250' title='bbox 0 0 1033 2992; x_wconf 95' lang='lat' dir='ltr'><strong> </strong></span> 
     </span>
    </p>
   </div>
  </div>
 </body>
</html>
