2072 2998
170 112 219 165 {86
354 119 418 202 'DE
441 118 565 164 Baubo
589 117 758 165 Gannico

168 215 290 272 titudinis
307 215 440 289 suffragiis
459 234 502 271 res
519 219 692 288 permittitur:
717 214 751 274 ed
768 233 859 272 unum
877 233 977 274 omnes
1020 233 1021 242 ¹

167 291 406 364 Vercingetorigem
415 291 528 361 probant
536 292 729 362 imperatorem.
745 289 977 348 Abbocconcilio
1020 361 1021 364 Ἴ

115 387 118 394 ·
169 365 402 438 Remi,Lingones,
414 364 515 420 Treviri
523 363 660 420 afuerunt:
680 363 729 428 illi,
741 363 814 436 quod
824 365 974 420 amicitiam
1020 365 1021 420 i

168 441 347 496 Romanorum
362 439 552 510 saquebmnn3
563 439 683 504 'Trevirb
700 438 773 510 quad
785 438 903 494 aberant
915 439 975 495 lon·
1020 441 1021 488 i

166 516 229 590 gius
243 521 268 570 et
282 513 316 568 ab
329 513 472 568 Germanis
486 513 687 584 premebantur:
711 529 780 584 quaa
798 511 850 568 fuit
864 526 971 580 caussa,
1020 517 1021 584 l

167 605 249 661 quare
268 594 320 642 toto
338 587 458 642 abmsent
470 585 539 641 bello
553 594 579 641 at
593 588 695 642 neutris
707 585 806 642 auxilia
824 587 971 644 mitterent.
1020 607 1021 636 1

168 665 265 741 Magno
273 660 449 716 doloreAedui
459 659 591 726 lerunt,sa
600 661 885 732 deiectosprincipatu:
905 679 973 734 quc

168 744 264 822 rantur
273 734 391 820 fortunae
400 735 631 790 commutationem
640 741 666 790 et
673 734 790 790 eausam
801 735 830 790 in
841 736 972 791 scindul·
1020 719 1021 794 l

167 808 971 955 ultusultusrutttlttaffilllttffi
1020 841 1021 854 '

168 957 223 1028 spei
234 955 419 1022 molestantes,
430 957 586 1028 Eporedirix
594 965 621 1012 et
628 955 813 1024 Virdumerus,
825 957 970 1033 Vercinge-

167 1031 215 1086 tori
236 1030 354 1100 iparent.

216 1047 315 1161 lxiv.
336 1102 502 1175 llleimperat
511 1103 908 1178 reliquiscivitatibusobsides:
922 1105 970 1160 de-

168 1178 251 1248 nique
267 1179 291 1234 ci
304 1179 341 1233 rei
354 1179 490 1235 constituit
502 1179 586 1234 dien:
607 1179 662 1234 buc
674 1195 767 1234 ornnes
784 1179 898 1251 aquius,
917 1179 967 1234 XV

168 1251 252 1308 millia
275 1269 397 1318 numero,
423 1251 540 1308 celeriter
561 1253 702 1313 convenire
722 1252 807 1308 iubet:
837 1253 966 1326 peditatu

168 1343 249 1398 quem
259 1335 319 1382 aute
328 1327 457 1393 babuerit,
469 1345 498 1382 se
506 1327 561 1382 lore
569 1334 720 1383 conantum
730 1327 802 1392 dicit,
815 1344 906 1399 neque
914 1327 969 1382 ior-

168 1409 260 1456 tunam
270 1409 441 1468 tentaturum,
452 1410 497 1457 aut
506 1402 534 1457 in
546 1403 600 1456 acia
609 1401 809 1470 dimicaturum
831 1401 887 1467 sed,
899 1418 970 1474 quo-

168 1476 240 1530 niam
250 1476 366 1532 abundet
380 1473 506 1548 equitatu,
522 1475 644 1547 perfacile
656 1491 713 1530 esse
726 1474 813 1540 iaetu,
821 1473 968 1531 frumenta·

167 1551 285 1607 tionibus
294 1550 561 1623 pabulationibusque
570 1550 701 1604 Romanos
711 1549 864 1621 prohibere:
882 1566 969 1622 aequo

168 1625 246 1680 modo
256 1626 345 1680 animo
354 1642 403 1682 sua
412 1624 463 1695 ipsi
473 1623 604 1680 intuente
614 1631 783 1695 corrumpant
795 1623 968 1696 aedificiaque

168 1698 317 1764 incendant,
335 1715 388 1770 qua
400 1699 437 1752 rei
449 1697 585 1754 familiaris
598 1698 695 1753 iactura
708 1705 868 1769 perpetuum
881 1698 968 1770 impe·

135 1783 136 1788 ’
168 1773 239 1836 rium
249 1772 450 1843 libertatemque
458 1788 486 1826 se
499 1771 625 1845 consequi
641 1771 756 1828 videant.
777 1773 825 1826 llis
838 1773 967 1828 constitu·

167 1844 299 1911 derebus,
311 1844 409 1900 Aeduis
418 1844 632 1918 Segusiauisque,
648 1847 771 1918 quisunt
783 1845 890 1900 finitimi
905 1863 967 1918 pro·

168 1919 278 1984 vinciae,
298 1919 326 1972 X
338 1917 422 1972 millia
434 1919 553 1990 peditum
567 1921 690 1991 imperat:
711 1919 765 1974 buc
777 1918 965 1992 additequitcs

167 1991 261 2046 DCCC.
285 1992 332 2046 llis
346 1993 463 2062 praeficit
475 1992 582 2048 fratrem
600 1993 788 2067 Eporadirigis,
809 1993 966 2068 bellumque

168 2062 263 2119 inierra
281 2063 468 2139 Allobrogibus
489 2067 572 2122 iubet,
599 2067 685 2123 Altera
703 2083 737 2122 ex
756 2075 830 2138 parts
850 2067 964 2124 Gabalos

167 2138 355 2211 proximosque
371 2156 454 2212 pagos
464 2140 643 2214 Arqsrnomnr
661 2141 693 2198 in’
703 2140 818 2207 llclvios,
834 2141 898 2198 item
910 2143 967 2199 liu-

167 2212 967 2285 tenosCaduroosqueadfinesVolearumAreeomieorumde·

166 2287 332 2360 populandos
350 2288 440 2343 mittit.
465 2288 555 2346 Nihilo
572 2290 662 2345 minus
676 2288 847 2346 clandestinis
860 2292 964 2347 nunciis

167 2361 397 2436 legationibusque
408 2361 566 2436 Allobrogas
583 2362 719 2430 sollicitat·
735 2381 852 2436 quorum
864 2375 964 2421 mentes

167 2438 287 2494 noudum
297 2439 331 2494 ab
341 2437 474 2510 stipatione
485 2437 556 2494 bello
568 2437 697 2492 emollisse
714 2438 845 2510 sperabat.
866 2441 963 2496 Horum

95 2519 100 2527 ·
166 2511 332 2584 principibus
350 2513 485 2585 pecunias,
507 2511 605 2570 civitati
624 2519 713 2569 autent
727 2511 871 2586 imperinm
886 2515 963 2571 etas

166 2587 317 2656 pmrinniae
324 2587 474 2662 polluetur.
746 2619 750 2624 ·
