2072 2998
155 133 208 190 Μ
345 137 395 182 DE
413 135 537 181 BELLO
559 132 729 181 GALLICO
826 131 828 139 '

155 237 284 294 voluerat.
304 235 433 292 Inflantur
445 243 524 307 atque
537 235 680 290 incitantur
692 233 810 290 hostium
821 236 909 292 animi
920 255 961 293 se·

133 323 137 328 '
155 311 243 368 cundo
251 311 360 384 proelio,
366 311 485 383 principe
493 317 519 364 et
528 308 958 381 praelectoltemoruminterlecto,

155 387 293 459 nostrique
311 386 467 442 detrimento
485 384 674 449 admonentur,
696 383 853 458 diligentius
867 387 962 460 explo-

155 463 220 518 ratis
235 461 298 518 locis
315 461 439 517 stationes
452 459 591 532 disponere
603 475 634 513 nc
647 457 809 514 moderatius
822 461 961 518 cedentem

156 537 264 610 insequi
275 537 388 592 hostem.
584 545 592 562 ¹
1023 567 1024 608 t

211 613 282 666 XIII.
302 613 360 667 Non
374 608 583 666 Intermittuntur
597 605 702 664 interim
717 607 874 680 quotidiana
884 627 961 682 prce·
1023 609 1024 612 ’

73 723 77 732 .
157 684 192 740 lia
203 687 231 741 in
245 691 386 758 conspectu
399 691 520 740 utrorum
540 699 574 738 ue
583 689 738 748 castrorum,
760 699 831 755 quae
846 684 882 739 ad
892 686 959 741 vade

156 761 338 830 transitusque
348 759 445 814 fiebant
453 699 570 830 paludis.
584 756 813 824 Quacontentione
818 757 956 826 Germani,

157 853 226 906 quos
235 840 371 906 propterea
383 832 479 888 Caesar
491 831 676 888 transduxerat
686 831 820 898 Rhenum,
842 841 874 889 ut
883 835 959 908 equi-

156 909 229 964 tibus
244 907 390 978 iutetpcsiti
403 906 603 978 proeliarentur,
620 923 707 979 quum
717 908 883 963 constantius
898 911 959 964 uni·

156 982 227 1037 versi
237 981 362 1054 paludem
375 981 540 1047 transissent,
561 982 707 1054 paucisque
719 981 905 1038 resistentibus
918 985 959 1038 in-

155 1055 269 1111 terfectis
277 1056 437 1128 pertinacIus
446 1055 577 1130 reliquam
587 1055 784 1112 multitudinem
794 1059 959 1113 essentinse-

98 1147 100 1152 ·
156 1131 224 1186 cutI:
244 1130 374 1202 perterriti
384 1147 437 1187 non
447 1129 534 1186 solum
546 1131 573 1196 il,
593 1131 641 1204 qui
653 1131 859 1188 autoomrninus
869 1133 958 1204 oppri-

156 1205 306 1272 mebantur,
329 1206 489 1260 auteminus
498 1205 716 1272 vulnerabantur,
738 1204 890 1273 sedetiam,
911 1209 959 1280 qui

156 1278 264 1354 Ionqus
277 1278 422 1336 subsidIari
440 1288 639 1346 nonsummum,
660 1280 773 1352 turpiter
785 1279 956 1355 refugerunt;

156 1372 205 1410 ner
213 1356 290 1428 prius
302 1355 383 1411 finem
393 1353 471 1430 fugae
479 1354 605 1420 lecerunt,
626 1371 705 1428 saepe
717 1355 823 1410 amissis
837 1359 959 1428 superio·

156 1431 233 1486 ribus
243 1429 316 1497 locis,
337 1447 420 1503 quam
434 1447 463 1486 se
476 1438 522 1486 aut
536 1429 661 1485 innostra
676 1445 787 1486 suorum
801 1431 955 1503 reoIperent,

157 1513 203 1560 aut
213 1505 345 1572 nonnullI,
357 1503 458 1579 pudore
466 1505 557 1571 coacti
569 1503 676 1578 longius
685 1503 864 1578 profugerent.
886 1505 959 1573 Quo-

156 1599 218 1636 rum
227 1581 344 1652 periculo
352 1581 391 1636 sic
400 1580 591 1651 omnesoopiae
604 1587 667 1634 sunt
676 1579 850 1650 perturbatae,
867 1587 898 1634 ut
911 1583 959 1636 vix

157 1655 267 1711 iudicari
279 1663 375 1728 posset,
387 1663 478 1712 utrum
488 1654 612 1710 secundis
621 1651 740 1726 parvulis
750 1653 829 1709 rebus
839 1655 959 1712 insolen-

156 1733 245 1794 tiores,
258 1748 292 1784 an
304 1729 423 1787 adversis
433 1729 611 1784 mediocribus
620 1728 765 1784 tImidiores
774 1735 872 1784 essent.

212 1806 283 1862 XIV.
303 1803 492 1877 Compluribus
508 1803 603 1860 diebus
621 1803 716 1858 iisdem
735 1803 764 1858 in
782 1803 876 1858 cestris
895 1821 960 1861 con-

157 1879 263 1944 sumtis,
278 1889 363 1951 quum
373 1879 482 1952 propius
494 1878 633 1934 accessisse
647 1876 762 1951 legiones
775 1884 801 1932 et
813 1877 844 1933 C.
859 1879 959 1934 Trebo-

156 1954 234 2008 nium
243 1951 359 2025 legatum
369 1954 567 2028 cognovissent:
582 1951 872 2018 duoesBellovaocrum,
881 1954 958 2008 veriti

156 2025 272 2080 similem
282 2025 460 2084 obsessionem
466 2027 577 2095 Alesiae,
589 2033 668 2084 noctu
677 2025 814 2083 dimittunt
824 2043 878 2092 eos,
890 2045 959 2100 quos

157 2107 203 2154 aut
214 2105 296 2154 aetate
305 2110 351 2156 ant
360 2101 464 2157 viribus
473 2101 618 2169 interiores,
634 2109 680 2157 aut
688 2101 803 2157 inermes
812 2101 956 2168 habebant,

157 2188 265 2245 unaque
275 2171 377 2245 reliqua
387 2175 586 2246 impedimenta.
606 2178 726 2246 Quorum
739 2176 926 2248 perturbatum
936 2187 961 2232 et

157 2247 298 2306 confusum
308 2247 374 2304 dum
384 2249 516 2321 explicant
524 2269 630 2336 agonen,
637 2250 743 2326 (magna
754 2250 825 2306 enirn
835 2250 962 2308 multitu-

157 2327 192 2382 do
210 2341 345 2381 carrorum
358 2324 438 2380 ettam
456 2325 592 2396 expeditos
605 2327 682 2398 sequi
698 2324 789 2381 Gallos
801 2328 961 2400 consuevit)
1023 2385 1024 2396 ἶ

157 2399 276 2473 oppressi
286 2397 353 2466 luce,
365 2399 447 2472 copiis
456 2407 617 2455 armatorum
626 2399 684 2456 rias
697 2399 811 2472 proauis
822 2399 962 2457 instruunt
1023 2399 1024 2454 i

157 2477 260 2541 castris,
282 2475 399 2549 ueprius
409 2474 521 2530 Romani
532 2475 655 2547 persequi
664 2493 693 2530 se
704 2475 857 2548 Inciperent,
875 2492 960 2547 quarn

158 2548 202 2604 lon
223 2549 265 2604 ius
278 2566 374 2625 agmen
388 2549 638 2622 Inpedimentcrum
652 2566 764 2606 suorum
778 2551 960 2623 processisset.

157 2567 292 2681 ledaea
302 2641 388 2699 neque
396 2625 546 2684 resistentes
556 2623 762 2702 adgrediundos,
770 2625 963 2698 aequoreum
