<?xml version="1.0" encoding="UTF-8"?>
<!DOCTYPE html PUBLIC "-//W3C//DTD XHTML 1.0 Transitional//EN"
    "http://www.w3.org/TR/xhtml1/DTD/xhtml1-transitional.dtd">
<html xmlns="http://www.w3.org/1999/xhtml" xml:lang="en" lang="en">
 <head>
  <title>
</title>
<meta http-equiv="Content-Type" content="text/html;charset=utf-8" />
  <meta name='ocr-system' content='tesseract 3.04.00' />
  <meta name='ocr-capabilities' content='ocr_page ocr_carea ocr_par ocr_line ocrx_word'/>
</head>
<body>
  <div class='ocr_page' id='page_1' title='image "./ciuliicaesarisc04caesgoog_0063.png"; bbox 0 0 2064 2996; ppageno 0'>
   <div class='ocr_carea' id='block_1_1' title="bbox 179 159 766 215">
    <p class='ocr_par' dir='ltr' id='par_1_1' title="bbox 179 159 766 215">
     <span class='ocr_line' id='line_1_1' title="bbox 179 159 766 215; baseline -0.015 0"><span class='ocrx_word' id='word_1_1' title='bbox 179 163 212 215; x_wconf 71' lang='grc' dir='ltr'>ὅθ</span> <span class='ocrx_word' id='word_1_2' title='bbox 381 165 432 210; x_wconf 89' lang='lat' dir='ltr'>DE</span> <span class='ocrx_word' id='word_1_3' title='bbox 453 163 577 208; x_wconf 83' lang='lat' dir='ltr'>BELLO</span> <span class='ocrx_word' id='word_1_4' title='bbox 602 159 766 208; x_wconf 69' lang='lat' dir='ltr'>Gannico</span> 
     </span>
    </p>
   </div>
   <div class='ocr_carea' id='block_1_2' title="bbox 82 257 1027 2704">
    <p class='ocr_par' dir='ltr' id='par_1_2' title="bbox 178 257 987 1146">
     <span class='ocr_line' id='line_1_2' title="bbox 178 257 985 332; baseline -0.006 -10"><span class='ocrx_word' id='word_1_5' title='bbox 178 267 240 322; x_wconf 87' lang='lat' dir='ltr'>stris</span> <span class='ocrx_word' id='word_1_6' title='bbox 249 262 349 322; x_wconf 87' lang='lat' dir='ltr'>vallum</span> <span class='ocrx_word' id='word_1_7' title='bbox 360 261 478 317; x_wconf 82' lang='lat' dir='ltr'>scindere</span> <span class='ocrx_word' id='word_1_8' title='bbox 486 268 512 316; x_wconf 89' lang='lat' dir='ltr'>et</span> <span class='ocrx_word' id='word_1_9' title='bbox 521 260 604 316; x_wconf 85' lang='lat' dir='ltr'>lassas</span> <span class='ocrx_word' id='word_1_10' title='bbox 614 258 744 332; x_wconf 82' lang='lat' dir='ltr'>complere</span> <span class='ocrx_word' id='word_1_11' title='bbox 752 257 910 331; x_wconf 82' lang='lat' dir='ltr'>coepissent,</span> <span class='ocrx_word' id='word_1_12' title='bbox 922 277 985 317; x_wconf 88' lang='lat' dir='ltr'>res-</span> 
     </span>
     <span class='ocr_line' id='line_1_3' title="bbox 178 333 985 412; baseline -0.004 -18"><span class='ocrx_word' id='word_1_13' title='bbox 178 357 231 412; x_wconf 90' lang='lat' dir='ltr'>que</span> <span class='ocrx_word' id='word_1_14' title='bbox 240 346 308 394; x_wconf 84' lang='lat' dir='ltr'>esset</span> <span class='ocrx_word' id='word_1_15' title='bbox 317 338 371 392; x_wconf 90' lang='lat' dir='ltr'>iam</span> <span class='ocrx_word' id='word_1_16' title='bbox 380 337 413 392; x_wconf 95' lang='lat' dir='ltr'>ad</span> <span class='ocrx_word' id='word_1_17' title='bbox 422 345 569 392; x_wconf 86' lang='lat' dir='ltr'>extremum</span> <span class='ocrx_word' id='word_1_18' title='bbox 580 335 703 407; x_wconf 87' lang='lat' dir='ltr'>perducta</span> <span class='ocrx_word' id='word_1_19' title='bbox 712 350 817 388; x_wconf 86' lang='lat' dir='ltr'>casum:</span> <span class='ocrx_word' id='word_1_20' title='bbox 832 333 985 391; x_wconf 85' lang='lat' dir='ltr'>P.Sextius</span> 
     </span>
     <span class='ocr_line' id='line_1_4' title="bbox 178 406 987 485; baseline -0.007 -15"><span class='ocrx_word' id='word_1_21' title='bbox 178 413 300 479; x_wconf 79' lang='lat' dir='ltr'>Baculus,</span> <span class='ocrx_word' id='word_1_22' title='bbox 312 411 440 485; x_wconf 88' lang='lat' dir='ltr'>primipili</span> <span class='ocrx_word' id='word_1_23' title='bbox 449 409 575 474; x_wconf 85' lang='lat' dir='ltr'>centurio,</span> <span class='ocrx_word' id='word_1_24' title='bbox 587 423 668 481; x_wconf 89' lang='lat' dir='ltr'>quem</span> <span class='ocrx_word' id='word_1_25' title='bbox 677 408 788 462; x_wconf 86' lang='lat' dir='ltr'>Nervico</span> <span class='ocrx_word' id='word_1_26' title='bbox 796 406 898 479; x_wconf 85' lang='lat' dir='ltr'>proelio</span> <span class='ocrx_word' id='word_1_27' title='bbox 905 425 987 464; x_wconf 83' lang='lat' dir='ltr'>oom-</span> 
     </span>
     <span class='ocr_line' id='line_1_5' title="bbox 179 481 985 560; baseline -0.005 -17"><span class='ocrx_word' id='word_1_28' title='bbox 179 488 303 560; x_wconf 89' lang='lat' dir='ltr'>pluribus</span> <span class='ocrx_word' id='word_1_29' title='bbox 311 485 456 542; x_wconf 81' lang='lat' dir='ltr'>mnleetum</span> <span class='ocrx_word' id='word_1_30' title='bbox 466 483 623 538; x_wconf 80' lang='lat' dir='ltr'>uulneribus</span> <span class='ocrx_word' id='word_1_31' title='bbox 631 482 758 544; x_wconf 79' lang='lat' dir='ltr'>diximus,</span> <span class='ocrx_word' id='word_1_32' title='bbox 770 489 796 536; x_wconf 86' lang='lat' dir='ltr'>at</span> <span class='ocrx_word' id='word_1_33' title='bbox 808 481 872 536; x_wconf 88' lang='lat' dir='ltr'>item</span> <span class='ocrx_word' id='word_1_34' title='bbox 881 482 915 538; x_wconf 87' lang='lat' dir='ltr'>C.</span> <span class='ocrx_word' id='word_1_35' title='bbox 927 484 985 540; x_wconf 85' lang='lat' dir='ltr'>Vo-</span> 
     </span>
     <span class='ocr_line' id='line_1_6' title="bbox 180 555 987 628; baseline -0.007 -10"><span class='ocrx_word' id='word_1_36' title='bbox 180 563 299 626; x_wconf 83' lang='lat' dir='ltr'>lusenus,</span> <span class='ocrx_word' id='word_1_37' title='bbox 315 560 437 614; x_wconf 89' lang='lat' dir='ltr'>tribunus</span> <span class='ocrx_word' id='word_1_38' title='bbox 449 557 575 620; x_wconf 79' lang='lat' dir='ltr'>militurn.</span> <span class='ocrx_word' id='word_1_39' title='bbox 587 557 629 612; x_wconf 89' lang='lat' dir='ltr'>vir</span> <span class='ocrx_word' id='word_1_40' title='bbox 638 564 664 612; x_wconf 86' lang='lat' dir='ltr'>et</span> <span class='ocrx_word' id='word_1_41' title='bbox 671 555 775 610; x_wconf 87' lang='lat' dir='ltr'>consilii</span> <span class='ocrx_word' id='word_1_42' title='bbox 784 556 876 628; x_wconf 76' lang='lat' dir='ltr'>magni</span> <span class='ocrx_word' id='word_1_43' title='bbox 887 563 915 612; x_wconf 90' lang='lat' dir='ltr'>et</span> <span class='ocrx_word' id='word_1_44' title='bbox 924 559 987 614; x_wconf 87' lang='lat' dir='ltr'>vir-</span> 
     </span>
     <span class='ocr_line' id='line_1_7' title="bbox 180 631 986 703; baseline -0.006 -11"><span class='ocrx_word' id='word_1_45' title='bbox 180 638 252 700; x_wconf 79' lang='lat' dir='ltr'>tutis,</span> <span class='ocrx_word' id='word_1_46' title='bbox 260 632 409 690; x_wconf 87' lang='lat' dir='ltr'>udGalbaru</span> <span class='ocrx_word' id='word_1_47' title='bbox 419 631 563 686; x_wconf 80' lang='lat' dir='ltr'>adcurrunt</span> <span class='ocrx_word' id='word_1_48' title='bbox 571 639 650 703; x_wconf 82' lang='lat' dir='ltr'>utque</span> <span class='ocrx_word' id='word_1_49' title='bbox 658 645 739 684; x_wconf 86' lang='lat' dir='ltr'>unam</span> <span class='ocrx_word' id='word_1_50' title='bbox 752 646 810 684; x_wconf 84' lang='lat' dir='ltr'>essa</span> <span class='ocrx_word' id='word_1_51' title='bbox 819 646 896 700; x_wconf 87' lang='lat' dir='ltr'>spem</span> <span class='ocrx_word' id='word_1_52' title='bbox 906 631 986 687; x_wconf 88' lang='lat' dir='ltr'>salu-</span> 
     </span>
     <span class='ocr_line' id='line_1_8' title="bbox 180 703 987 777; baseline -0.004 -12"><span class='ocrx_word' id='word_1_53' title='bbox 180 711 214 764; x_wconf 89' lang='lat' dir='ltr'>tis</span> <span class='ocrx_word' id='word_1_54' title='bbox 223 709 323 768; x_wconf 81' lang='lat' dir='ltr'>docent.</span> <span class='ocrx_word' id='word_1_55' title='bbox 338 705 372 768; x_wconf 82' lang='lat' dir='ltr'>si,</span> <span class='ocrx_word' id='word_1_56' title='bbox 386 705 521 777; x_wconf 72' lang='lat' dir='ltr'>eruptione</span> <span class='ocrx_word' id='word_1_57' title='bbox 533 703 607 769; x_wconf 75' lang='lat' dir='ltr'>lacu,</span> <span class='ocrx_word' id='word_1_58' title='bbox 624 711 771 759; x_wconf 84' lang='lat' dir='ltr'>extremum</span> <span class='ocrx_word' id='word_1_59' title='bbox 785 703 920 759; x_wconf 87' lang='lat' dir='ltr'>auxilium</span> <span class='ocrx_word' id='word_1_60' title='bbox 932 723 987 762; x_wconf 87' lang='lat' dir='ltr'>ex·</span> 
     </span>
     <span class='ocr_line' id='line_1_9' title="bbox 179 777 987 856; baseline -0.002 -20"><span class='ocrx_word' id='word_1_61' title='bbox 179 784 337 856; x_wconf 86' lang='lat' dir='ltr'>perirentur.</span> <span class='ocrx_word' id='word_1_62' title='bbox 357 781 456 852; x_wconf 81' lang='lat' dir='ltr'>ltaque,</span> <span class='ocrx_word' id='word_1_63' title='bbox 474 779 621 834; x_wconf 81' lang='lat' dir='ltr'>convocatis</span> <span class='ocrx_word' id='word_1_64' title='bbox 634 777 841 842; x_wconf 78' lang='lat' dir='ltr'>centurionibus,</span> <span class='ocrx_word' id='word_1_65' title='bbox 861 777 987 834; x_wconf 82' lang='lat' dir='ltr'>celeriter</span> 
     </span>
     <span class='ocr_line' id='line_1_10' title="bbox 180 851 986 925; baseline 0 -16"><span class='ocrx_word' id='word_1_66' title='bbox 180 855 277 911; x_wconf 76' lang='lat' dir='ltr'>milites</span> <span class='ocrx_word' id='word_1_67' title='bbox 285 853 405 908; x_wconf 78' lang='lat' dir='ltr'>certiores</span> <span class='ocrx_word' id='word_1_68' title='bbox 415 851 483 918; x_wconf 85' lang='lat' dir='ltr'>lacit,</span> <span class='ocrx_word' id='word_1_69' title='bbox 490 852 634 925; x_wconf 86' lang='lat' dir='ltr'>paullisper</span> <span class='ocrx_word' id='word_1_70' title='bbox 641 852 841 906; x_wconf 86' lang='lat' dir='ltr'>intermitterent</span> <span class='ocrx_word' id='word_1_71' title='bbox 846 851 986 924; x_wconf 80' lang='lat' dir='ltr'>proelium</span> 
     </span>
     <span class='ocr_line' id='line_1_11' title="bbox 180 925 987 998; baseline 0 -14"><span class='ocrx_word' id='word_1_72' title='bbox 180 927 399 984; x_wconf 74' lang='lat' dir='ltr'>aemntummodo</span> <span class='ocrx_word' id='word_1_73' title='bbox 409 926 459 981; x_wconf 82' lang='lat' dir='ltr'>talu</span> <span class='ocrx_word' id='word_1_74' title='bbox 473 928 554 981; x_wconf 86' lang='lat' dir='ltr'>missa</span> <span class='ocrx_word' id='word_1_75' title='bbox 567 927 724 998; x_wconf 76' lang='lat' dir='ltr'>exciperent,</span> <span class='ocrx_word' id='word_1_76' title='bbox 745 942 827 997; x_wconf 81' lang='lat' dir='ltr'>seque</span> <span class='ocrx_word' id='word_1_77' title='bbox 841 943 876 981; x_wconf 83' lang='lat' dir='ltr'>ex</span> <span class='ocrx_word' id='word_1_78' title='bbox 891 925 987 984; x_wconf 84' lang='lat' dir='ltr'>labore</span> 
     </span>
     <span class='ocr_line' id='line_1_12' title="bbox 181 999 987 1074; baseline 0.004 -18"><span class='ocrx_word' id='word_1_79' title='bbox 181 1002 326 1069; x_wconf 79' lang='lat' dir='ltr'>reficerent3</span> <span class='ocrx_word' id='word_1_80' title='bbox 341 1008 400 1072; x_wconf 85' lang='lat' dir='ltr'>post</span> <span class='ocrx_word' id='word_1_81' title='bbox 410 999 470 1054; x_wconf 85' lang='lat' dir='ltr'>dato</span> <span class='ocrx_word' id='word_1_82' title='bbox 480 1001 557 1073; x_wconf 81' lang='lat' dir='ltr'>signo</span> <span class='ocrx_word' id='word_1_83' title='bbox 566 1017 600 1055; x_wconf 90' lang='lat' dir='ltr'>ex</span> <span class='ocrx_word' id='word_1_84' title='bbox 613 1000 705 1055; x_wconf 87' lang='lat' dir='ltr'>eastris</span> <span class='ocrx_word' id='word_1_85' title='bbox 718 1007 886 1071; x_wconf 82' lang='lat' dir='ltr'>erumperent</span> <span class='ocrx_word' id='word_1_86' title='bbox 900 1009 987 1074; x_wconf 85' lang='lat' dir='ltr'>etque</span> 
     </span>
     <span class='ocr_line' id='line_1_13' title="bbox 180 1072 761 1146; baseline -0.005 -15"><span class='ocrx_word' id='word_1_87' title='bbox 180 1092 286 1131; x_wconf 86' lang='lat' dir='ltr'>omnam</span> <span class='ocrx_word' id='word_1_88' title='bbox 296 1091 371 1146; x_wconf 90' lang='lat' dir='ltr'>spem</span> <span class='ocrx_word' id='word_1_89' title='bbox 381 1072 474 1128; x_wconf 85' lang='lat' dir='ltr'>salutis</span> <span class='ocrx_word' id='word_1_90' title='bbox 483 1074 511 1128; x_wconf 91' lang='lat' dir='ltr'>in</span> <span class='ocrx_word' id='word_1_91' title='bbox 521 1073 617 1130; x_wconf 83' lang='lat' dir='ltr'>virtute</span> <span class='ocrx_word' id='word_1_92' title='bbox 626 1082 761 1146; x_wconf 78' lang='lat' dir='ltr'>ponerent.</span> 
     </span>
    </p>

    <p class='ocr_par' dir='ltr' id='par_1_3' title="bbox 180 1147 987 1426">
     <span class='ocr_line' id='line_1_14' title="bbox 238 1147 987 1215; baseline 0 -9"><span class='ocrx_word' id='word_1_93' title='bbox 238 1149 280 1206; x_wconf 90' lang='lat' dir='ltr'>v1.</span> <span class='ocrx_word' id='word_1_94' title='bbox 300 1147 377 1215; x_wconf 90' lang='lat' dir='ltr'>Quod</span> <span class='ocrx_word' id='word_1_95' title='bbox 394 1148 460 1203; x_wconf 86' lang='lat' dir='ltr'>iussi</span> <span class='ocrx_word' id='word_1_96' title='bbox 481 1155 553 1214; x_wconf 85' lang='lat' dir='ltr'>sunt,</span> <span class='ocrx_word' id='word_1_97' title='bbox 574 1147 673 1202; x_wconf 87' lang='lat' dir='ltr'>iaciunt</span> <span class='ocrx_word' id='word_1_98' title='bbox 685 1163 724 1212; x_wconf 87' lang='lat' dir='ltr'>ac,</span> <span class='ocrx_word' id='word_1_99' title='bbox 746 1147 834 1202; x_wconf 87' lang='lat' dir='ltr'>subito</span> <span class='ocrx_word' id='word_1_100' title='bbox 851 1149 987 1206; x_wconf 85' lang='lat' dir='ltr'>omnibus</span> 
     </span>
     <span class='ocr_line' id='line_1_15' title="bbox 180 1221 984 1310; baseline 0.004 -33"><span class='ocrx_word' id='word_1_101' title='bbox 180 1223 263 1297; x_wconf 87' lang='lat' dir='ltr'>portis</span> <span class='ocrx_word' id='word_1_102' title='bbox 272 1221 408 1310; x_wconf 76' lang='lat' dir='ltr'>eruptione</span> <span class='ocrx_word' id='word_1_103' title='bbox 417 1221 492 1287; x_wconf 82' lang='lat' dir='ltr'>laeta,</span> <span class='ocrx_word' id='word_1_104' title='bbox 513 1237 599 1294; x_wconf 87' lang='lat' dir='ltr'>neque</span> <span class='ocrx_word' id='word_1_105' title='bbox 660 1221 793 1288; x_wconf 84' lang='lat' dir='ltr'>noscendi,</span> <span class='ocrx_word' id='word_1_106' title='bbox 814 1221 881 1296; x_wconf 89' lang='lat' dir='ltr'>qnid</span> <span class='ocrx_word' id='word_1_107' title='bbox 895 1223 984 1291; x_wconf 82' lang='lat' dir='ltr'>lieret,</span> 
     </span>
     <span class='ocr_line' id='line_1_16' title="bbox 181 1294 985 1426; baseline 0 -72"><span class='ocrx_word' id='word_1_108' title='bbox 181 1315 269 1369; x_wconf 88' lang='lat' dir='ltr'>neque</span> <span class='ocrx_word' id='word_1_109' title='bbox 286 1315 327 1351; x_wconf 86' lang='lat' dir='ltr'>sur</span> <span class='ocrx_word' id='word_1_110' title='bbox 347 1295 487 1426; x_wconf 57' lang='lat' dir='ltr'>colliqendi</span> <span class='ocrx_word' id='word_1_111' title='bbox 505 1295 625 1351; x_wconf 77' lang='lat' dir='ltr'>hostibus</span> <span class='ocrx_word' id='word_1_112' title='bbox 655 1294 793 1351; x_wconf 87' lang='lat' dir='ltr'>acultatem</span> <span class='ocrx_word' id='word_1_113' title='bbox 811 1295 985 1370; x_wconf 89' lang='lat' dir='ltr'>relinquunt.</span> 
     </span>
    </p>

    <p class='ocr_par' dir='ltr' id='par_1_4' title="bbox 82 1369 1027 2330">
     <span class='ocr_line' id='line_1_17' title="bbox 82 1369 986 1444; baseline 0.001 -18"><span class='ocrx_word' id='word_1_114' title='bbox 82 1423 83 1426; x_wconf 74' lang='grc'>,</span> <span class='ocrx_word' id='word_1_115' title='bbox 182 1374 219 1426; x_wconf 91' lang='lat' dir='ltr'>lta</span> <span class='ocrx_word' id='word_1_116' title='bbox 234 1378 392 1427; x_wconf 87' lang='lat' dir='ltr'>commutata</span> <span class='ocrx_word' id='word_1_117' title='bbox 416 1380 519 1437; x_wconf 81' lang='lat' dir='ltr'>ortona,</span> <span class='ocrx_word' id='word_1_118' title='bbox 535 1388 589 1436; x_wconf 86' lang='lat' dir='ltr'>eos,</span> <span class='ocrx_word' id='word_1_119' title='bbox 605 1370 653 1444; x_wconf 90' lang='lat' dir='ltr'>qui</span> <span class='ocrx_word' id='word_1_120' title='bbox 663 1370 692 1426; x_wconf 93' lang='lat' dir='ltr'>in</span> <span class='ocrx_word' id='word_1_121' title='bbox 705 1389 779 1444; x_wconf 82' lang='lat' dir='ltr'>spem</span> <span class='ocrx_word' id='word_1_122' title='bbox 789 1369 986 1442; x_wconf 83' lang='lat' dir='ltr'>potiundorum</span> 
     </span>
     <span class='ocr_line' id='line_1_18' title="bbox 180 1439 1027 1518; baseline 0.001 -18"><span class='ocrx_word' id='word_1_123' title='bbox 180 1454 324 1501; x_wconf 83' lang='lat' dir='ltr'>castrorum</span> <span class='ocrx_word' id='word_1_124' title='bbox 334 1454 468 1512; x_wconf 85' lang='lat' dir='ltr'>venerant,</span> <span class='ocrx_word' id='word_1_125' title='bbox 490 1445 608 1518; x_wconf 88' lang='lat' dir='ltr'>undique</span> <span class='ocrx_word' id='word_1_126' title='bbox 617 1439 808 1501; x_wconf 76' lang='lat' dir='ltr'>circimventos</span> <span class='ocrx_word' id='word_1_127' title='bbox 817 1444 988 1501; x_wconf 84' lang='lat' dir='ltr'>interficiunt</span> <span class='ocrx_word' id='word_1_128' title='bbox 1026 1449 1027 1473; x_wconf 71' lang='lat'>³</span> 
     </span>
     <span class='ocr_line' id='line_1_19' title="bbox 180 1519 988 1593; baseline -0.002 -17"><span class='ocrx_word' id='word_1_129' title='bbox 180 1530 249 1576; x_wconf 84' lang='lat' dir='ltr'>etex</span> <span class='ocrx_word' id='word_1_130' title='bbox 259 1521 400 1576; x_wconf 89' lang='lat' dir='ltr'>bominum</span> <span class='ocrx_word' id='word_1_131' title='bbox 409 1521 528 1576; x_wconf 90' lang='lat' dir='ltr'>millibus</span> <span class='ocrx_word' id='word_1_132' title='bbox 538 1520 653 1593; x_wconf 87' lang='lat' dir='ltr'>amplius</span> <span class='ocrx_word' id='word_1_133' title='bbox 662 1519 778 1592; x_wconf 80' lang='lat' dir='ltr'>triginta,</span> <span class='ocrx_word' id='word_1_134' title='bbox 793 1533 875 1589; x_wconf 90' lang='lat' dir='ltr'>quem</span> <span class='ocrx_word' id='word_1_135' title='bbox 884 1535 988 1574; x_wconf 88' lang='lat' dir='ltr'>nume·</span> 
     </span>
     <span class='ocr_line' id='line_1_20' title="bbox 182 1590 987 1663; baseline -0.001 -13"><span class='ocrx_word' id='word_1_136' title='bbox 182 1613 242 1650; x_wconf 88' lang='lat' dir='ltr'>rum</span> <span class='ocrx_word' id='word_1_137' title='bbox 255 1595 426 1651; x_wconf 83' lang='lat' dir='ltr'>barbarorum</span> <span class='ocrx_word' id='word_1_138' title='bbox 437 1596 469 1652; x_wconf 86' lang='lat' dir='ltr'>ad</span> <span class='ocrx_word' id='word_1_139' title='bbox 479 1603 562 1650; x_wconf 81' lang='lat' dir='ltr'>castra</span> <span class='ocrx_word' id='word_1_140' title='bbox 576 1593 680 1649; x_wconf 82' lang='lat' dir='ltr'>venisse</span> <span class='ocrx_word' id='word_1_141' title='bbox 691 1591 833 1655; x_wconf 87' lang='lat' dir='ltr'>constabat,</span> <span class='ocrx_word' id='word_1_142' title='bbox 850 1590 915 1663; x_wconf 86' lang='lat' dir='ltr'>plus</span> <span class='ocrx_word' id='word_1_143' title='bbox 929 1601 987 1649; x_wconf 89' lang='lat' dir='ltr'>ter-</span> 
     </span>
     <span class='ocr_line' id='line_1_21' title="bbox 181 1663 987 1740; baseline 0 -17"><span class='ocrx_word' id='word_1_144' title='bbox 181 1671 216 1724; x_wconf 90' lang='lat' dir='ltr'>tia</span> <span class='ocrx_word' id='word_1_145' title='bbox 227 1678 299 1740; x_wconf 82' lang='lat' dir='ltr'>parte</span> <span class='ocrx_word' id='word_1_146' title='bbox 308 1669 450 1734; x_wconf 78' lang='lat' dir='ltr'>interiectu,</span> <span class='ocrx_word' id='word_1_147' title='bbox 464 1669 579 1740; x_wconf 86' lang='lat' dir='ltr'>reliquos</span> <span class='ocrx_word' id='word_1_148' title='bbox 588 1667 736 1740; x_wconf 87' lang='lat' dir='ltr'>perterritos</span> <span class='ocrx_word' id='word_1_149' title='bbox 748 1665 776 1720; x_wconf 86' lang='lat' dir='ltr'>iu</span> <span class='ocrx_word' id='word_1_150' title='bbox 790 1663 881 1739; x_wconf 83' lang='lat' dir='ltr'>lugam</span> <span class='ocrx_word' id='word_1_151' title='bbox 896 1669 987 1723; x_wconf 73' lang='lat' dir='ltr'>cottii-</span> 
     </span>
     <span class='ocr_line' id='line_1_22' title="bbox 180 1739 1026 1822; baseline 0 -26"><span class='ocrx_word' id='word_1_152' title='bbox 180 1744 255 1797; x_wconf 90' lang='lat' dir='ltr'>ciunt</span> <span class='ocrx_word' id='word_1_153' title='bbox 265 1761 337 1798; x_wconf 88' lang='lat' dir='ltr'>acne</span> <span class='ocrx_word' id='word_1_154' title='bbox 346 1744 374 1822; x_wconf 73' lang='lat' dir='ltr'>iu</span> <span class='ocrx_word' id='word_1_155' title='bbox 388 1742 450 1798; x_wconf 89' lang='lat' dir='ltr'>locis</span> <span class='ocrx_word' id='word_1_156' title='bbox 461 1743 570 1814; x_wconf 85' lang='lat' dir='ltr'>quidem</span> <span class='ocrx_word' id='word_1_157' title='bbox 584 1739 764 1812; x_wconf 86' lang='lat' dir='ltr'>superioribus</span> <span class='ocrx_word' id='word_1_158' title='bbox 777 1740 921 1796; x_wconf 85' lang='lat' dir='ltr'>consistere</span> <span class='ocrx_word' id='word_1_159' title='bbox 934 1759 986 1814; x_wconf 88' lang='lat' dir='ltr'>pa-</span> <span class='ocrx_word' id='word_1_160' title='bbox 1025 1779 1026 1788; x_wconf 24' lang='grc' dir='ltr'><strong>η</strong></span> 
     </span>
     <span class='ocr_line' id='line_1_23' title="bbox 182 1813 1026 1888; baseline 0.005 -19"><span class='ocrx_word' id='word_1_161' title='bbox 182 1817 294 1870; x_wconf 88' lang='lat' dir='ltr'>tiuntur.</span> <span class='ocrx_word' id='word_1_162' title='bbox 324 1816 379 1881; x_wconf 87' lang='lat' dir='ltr'>Sic,</span> <span class='ocrx_word' id='word_1_163' title='bbox 396 1817 521 1870; x_wconf 91' lang='lat' dir='ltr'>omnibus</span> <span class='ocrx_word' id='word_1_164' title='bbox 536 1814 652 1870; x_wconf 91' lang='lat' dir='ltr'>bostium</span> <span class='ocrx_word' id='word_1_165' title='bbox 670 1815 752 1888; x_wconf 88' lang='lat' dir='ltr'>copiis</span> <span class='ocrx_word' id='word_1_166' title='bbox 765 1813 832 1868; x_wconf 87' lang='lat' dir='ltr'>lusis</span> <span class='ocrx_word' id='word_1_167' title='bbox 844 1816 986 1887; x_wconf 78' lang='lat' dir='ltr'>armisque</span> <span class='ocrx_word' id='word_1_168' title='bbox 1025 1877 1026 1881; x_wconf 52' lang='grc'>,</span> 
     </span>
     <span class='ocr_line' id='line_1_24' title="bbox 181 1889 986 1960; baseline 0.005 -18"><span class='ocrx_word' id='word_1_169' title='bbox 181 1890 278 1954; x_wconf 82' lang='lat' dir='ltr'>exutis,</span> <span class='ocrx_word' id='word_1_170' title='bbox 295 1907 324 1944; x_wconf 91' lang='lat' dir='ltr'>se</span> <span class='ocrx_word' id='word_1_171' title='bbox 333 1889 360 1943; x_wconf 95' lang='lat' dir='ltr'>in</span> <span class='ocrx_word' id='word_1_172' title='bbox 373 1897 455 1944; x_wconf 86' lang='lat' dir='ltr'>eastra</span> <span class='ocrx_word' id='word_1_173' title='bbox 466 1889 678 1960; x_wconf 66' lang='lat' dir='ltr'>munitionesque</span> <span class='ocrx_word' id='word_1_174' title='bbox 687 1905 750 1944; x_wconf 81' lang='lat' dir='ltr'>suus</span> <span class='ocrx_word' id='word_1_175' title='bbox 760 1889 900 1960; x_wconf 78' lang='lat' dir='ltr'>recipiunt.</span> <span class='ocrx_word' id='word_1_176' title='bbox 921 1889 986 1957; x_wconf 88' lang='lat' dir='ltr'>Quo</span> 
     </span>
     <span class='ocr_line' id='line_1_25' title="bbox 180 1960 986 2033; baseline 0.006 -18"><span class='ocrx_word' id='word_1_177' title='bbox 180 1960 279 2032; x_wconf 88' lang='lat' dir='ltr'>proelio</span> <span class='ocrx_word' id='word_1_178' title='bbox 288 1961 362 2025; x_wconf 80' lang='lat' dir='ltr'>lactc,</span> <span class='ocrx_word' id='word_1_179' title='bbox 378 1962 449 2032; x_wconf 92' lang='lat' dir='ltr'>quod</span> <span class='ocrx_word' id='word_1_180' title='bbox 459 1963 563 2033; x_wconf 87' lang='lat' dir='ltr'>saepius</span> <span class='ocrx_word' id='word_1_181' title='bbox 576 1963 707 2018; x_wconf 85' lang='lat' dir='ltr'>fortunam</span> <span class='ocrx_word' id='word_1_182' title='bbox 721 1971 820 2018; x_wconf 68' lang='lat' dir='ltr'>tentus</span> <span class='ocrx_word' id='word_1_183' title='bbox 831 1961 917 2018; x_wconf 84' lang='lat' dir='ltr'>Galba</span> <span class='ocrx_word' id='word_1_184' title='bbox 932 1983 986 2020; x_wconf 91' lang='lat' dir='ltr'>uo-</span> 
     </span>
     <span class='ocr_line' id='line_1_26' title="bbox 182 2033 985 2105; baseline 0.006 -17"><span class='ocrx_word' id='word_1_185' title='bbox 182 2033 251 2088; x_wconf 80' lang='lat' dir='ltr'>lebat</span> <span class='ocrx_word' id='word_1_186' title='bbox 261 2042 341 2105; x_wconf 87' lang='lat' dir='ltr'>atqua</span> <span class='ocrx_word' id='word_1_187' title='bbox 352 2033 404 2089; x_wconf 86' lang='lat' dir='ltr'>alio</span> <span class='ocrx_word' id='word_1_188' title='bbox 413 2053 441 2090; x_wconf 89' lang='lat' dir='ltr'>se</span> <span class='ocrx_word' id='word_1_189' title='bbox 453 2036 481 2090; x_wconf 92' lang='lat' dir='ltr'>in</span> <span class='ocrx_word' id='word_1_190' title='bbox 491 2037 600 2092; x_wconf 88' lang='lat' dir='ltr'>hiberna</span> <span class='ocrx_word' id='word_1_191' title='bbox 612 2037 721 2092; x_wconf 87' lang='lat' dir='ltr'>oonsilio</span> <span class='ocrx_word' id='word_1_192' title='bbox 734 2037 837 2092; x_wconf 84' lang='lat' dir='ltr'>venisse</span> <span class='ocrx_word' id='word_1_193' title='bbox 848 2038 985 2093; x_wconf 86' lang='lat' dir='ltr'>memine-</span> 
     </span>
     <span class='ocr_line' id='line_1_27' title="bbox 180 2106 985 2176; baseline 0.007 -14"><span class='ocrx_word' id='word_1_194' title='bbox 180 2113 230 2172; x_wconf 88' lang='lat' dir='ltr'>rat,</span> <span class='ocrx_word' id='word_1_195' title='bbox 250 2106 309 2161; x_wconf 87' lang='lat' dir='ltr'>aliis</span> <span class='ocrx_word' id='word_1_196' title='bbox 327 2110 471 2164; x_wconf 85' lang='lat' dir='ltr'>occurrisse</span> <span class='ocrx_word' id='word_1_197' title='bbox 488 2111 568 2166; x_wconf 89' lang='lat' dir='ltr'>rebus</span> <span class='ocrx_word' id='word_1_198' title='bbox 586 2111 699 2176; x_wconf 74' lang='lat' dir='ltr'>viduet,</span> <span class='ocrx_word' id='word_1_199' title='bbox 718 2110 835 2166; x_wconf 87' lang='lat' dir='ltr'>maxime</span> <span class='ocrx_word' id='word_1_200' title='bbox 852 2109 985 2168; x_wconf 76' lang='lat' dir='ltr'>immenti</span> 
     </span>
     <span class='ocr_line' id='line_1_28' title="bbox 180 2183 986 2256; baseline 0.01 -20"><span class='ocrx_word' id='word_1_201' title='bbox 180 2188 394 2252; x_wconf 77' lang='lat' dir='ltr'>commeatusque</span> <span class='ocrx_word' id='word_1_202' title='bbox 408 2183 494 2255; x_wconf 90' lang='lat' dir='ltr'>inopia</span> <span class='ocrx_word' id='word_1_203' title='bbox 510 2194 657 2256; x_wconf 88' lang='lat' dir='ltr'>permotus,</span> <span class='ocrx_word' id='word_1_204' title='bbox 677 2193 780 2256; x_wconf 88' lang='lat' dir='ltr'>postero</span> <span class='ocrx_word' id='word_1_205' title='bbox 793 2185 836 2239; x_wconf 88' lang='lat' dir='ltr'>dia</span> <span class='ocrx_word' id='word_1_206' title='bbox 852 2187 986 2244; x_wconf 88' lang='lat' dir='ltr'>omnibus</span> 
     </span>
     <span class='ocr_line' id='line_1_29' title="bbox 181 2255 1025 2330; baseline 0.007 -19"><span class='ocrx_word' id='word_1_207' title='bbox 181 2255 299 2312; x_wconf 83' lang='lat' dir='ltr'>eiusvici</span> <span class='ocrx_word' id='word_1_208' title='bbox 309 2255 434 2310; x_wconf 82' lang='lat' dir='ltr'>aediliciis</span> <span class='ocrx_word' id='word_1_209' title='bbox 448 2258 573 2323; x_wconf 84' lang='lat' dir='ltr'>incensis,</span> <span class='ocrx_word' id='word_1_210' title='bbox 590 2260 616 2314; x_wconf 90' lang='lat' dir='ltr'>in</span> <span class='ocrx_word' id='word_1_211' title='bbox 631 2260 792 2330; x_wconf 81' lang='lat' dir='ltr'>provinciam</span> <span class='ocrx_word' id='word_1_212' title='bbox 807 2260 901 2316; x_wconf 87' lang='lat' dir='ltr'>reverti</span> <span class='ocrx_word' id='word_1_213' title='bbox 918 2275 985 2316; x_wconf 86' lang='lat' dir='ltr'>oon-</span> <span class='ocrx_word' id='word_1_214' title='bbox 1024 2279 1025 2289; x_wconf 57' lang='lat'>¹</span> 
     </span>
    </p>

    <p class='ocr_par' dir='ltr' id='par_1_5' title="bbox 115 2329 986 2552">
     <span class='ocr_line' id='line_1_30' title="bbox 115 2329 983 2404; baseline 0.007 -19"><span class='ocrx_word' id='word_1_215' title='bbox 115 2345 120 2356; x_wconf 87' lang='lat'><strong>·</strong></span> <span class='ocrx_word' id='word_1_216' title='bbox 181 2329 278 2386; x_wconf 91' lang='lat' dir='ltr'>tendit:</span> <span class='ocrx_word' id='word_1_217' title='bbox 298 2329 414 2386; x_wconf 82' lang='lat' dir='ltr'>annullo</span> <span class='ocrx_word' id='word_1_218' title='bbox 428 2331 501 2387; x_wconf 87' lang='lat' dir='ltr'>hoste</span> <span class='ocrx_word' id='word_1_219' title='bbox 512 2333 676 2404; x_wconf 85' lang='lat' dir='ltr'>prohibente,</span> <span class='ocrx_word' id='word_1_220' title='bbox 696 2334 803 2388; x_wconf 81' lang='lat' dir='ltr'>aut‘iter</span> <span class='ocrx_word' id='word_1_221' title='bbox 815 2332 983 2401; x_wconf 82' lang='lat' dir='ltr'>demorante,</span> 
     </span>
     <span class='ocr_line' id='line_1_31' title="bbox 181 2404 986 2482; baseline 0.007 -24"><span class='ocrx_word' id='word_1_222' title='bbox 181 2404 340 2460; x_wconf 89' lang='lat' dir='ltr'>incolumem</span> <span class='ocrx_word' id='word_1_223' title='bbox 354 2404 481 2479; x_wconf 80' lang='lat' dir='ltr'>legionem</span> <span class='ocrx_word' id='word_1_224' title='bbox 497 2409 524 2462; x_wconf 89' lang='lat' dir='ltr'>in</span> <span class='ocrx_word' id='word_1_225' title='bbox 539 2406 684 2472; x_wconf 75' lang='lat' dir='ltr'>Nantuatis,</span> <span class='ocrx_word' id='word_1_226' title='bbox 706 2407 768 2462; x_wconf 87' lang='lat' dir='ltr'>inde</span> <span class='ocrx_word' id='word_1_227' title='bbox 782 2407 810 2462; x_wconf 92' lang='lat' dir='ltr'>in</span> <span class='ocrx_word' id='word_1_228' title='bbox 824 2406 986 2482; x_wconf 76' lang='lat' dir='ltr'>Allobrogas</span> 
     </span>
     <span class='ocr_line' id='line_1_32' title="bbox 181 2479 560 2552; baseline 0.011 -20"><span class='ocrx_word' id='word_1_229' title='bbox 181 2479 313 2549; x_wconf 83' lang='lat' dir='ltr'>perduxit,</span> <span class='ocrx_word' id='word_1_230' title='bbox 325 2480 416 2552; x_wconf 86' lang='lat' dir='ltr'>ibique</span> <span class='ocrx_word' id='word_1_231' title='bbox 426 2481 560 2537; x_wconf 86' lang='lat' dir='ltr'>hiemavit.</span> 
     </span>
    </p>

    <p class='ocr_par' dir='ltr' id='par_1_6' title="bbox 182 2552 1024 2704">
     <span class='ocr_line' id='line_1_33' title="bbox 236 2552 986 2642; baseline 0.007 -36"><span class='ocrx_word' id='word_1_232' title='bbox 236 2552 292 2606; x_wconf 93' lang='lat' dir='ltr'>Vll.</span> <span class='ocrx_word' id='word_1_233' title='bbox 314 2555 360 2630; x_wconf 82' lang='lat' dir='ltr'>llis</span> <span class='ocrx_word' id='word_1_234' title='bbox 379 2555 457 2610; x_wconf 88' lang='lat' dir='ltr'>rebus</span> <span class='ocrx_word' id='word_1_235' title='bbox 476 2556 565 2642; x_wconf 71' lang='lat' dir='ltr'>gostis,</span> <span class='ocrx_word' id='word_1_236' title='bbox 586 2571 670 2626; x_wconf 90' lang='lat' dir='ltr'>quum</span> <span class='ocrx_word' id='word_1_237' title='bbox 688 2555 813 2608; x_wconf 88' lang='lat' dir='ltr'>omnibus</span> <span class='ocrx_word' id='word_1_238' title='bbox 826 2552 860 2608; x_wconf 87' lang='lat' dir='ltr'>de</span> <span class='ocrx_word' id='word_1_239' title='bbox 878 2557 986 2612; x_wconf 82' lang='lat' dir='ltr'>caussis</span> 
     </span>
     <span class='ocr_line' id='line_1_34' title="bbox 182 2624 1024 2704; baseline 0.004 -23"><span class='ocrx_word' id='word_1_240' title='bbox 182 2624 277 2681; x_wconf 82' lang='lat' dir='ltr'>Caesar</span> <span class='ocrx_word' id='word_1_241' title='bbox 288 2635 406 2700; x_wconf 85' lang='lat' dir='ltr'>pacatam</span> <span class='ocrx_word' id='word_1_242' title='bbox 420 2629 533 2686; x_wconf 85' lang='lat' dir='ltr'>Galbam</span> <span class='ocrx_word' id='word_1_243' title='bbox 548 2628 716 2696; x_wconf 82' lang='lat' dir='ltr'>existimaret,</span> <span class='ocrx_word' id='word_1_244' title='bbox 739 2628 868 2700; x_wconf 80' lang='lat' dir='ltr'>superatis</span> <span class='ocrx_word' id='word_1_245' title='bbox 880 2628 983 2704; x_wconf 80' lang='lat' dir='ltr'>belgis,</span> <span class='ocrx_word' id='word_1_246' title='bbox 1023 2669 1024 2697; x_wconf 51' lang='lat'>2</span> 
     </span>
    </p>
   </div>
   <div class='ocr_carea' id='block_1_3' title="bbox 0 0 1038 2996">
    <p class='ocr_par' dir='ltr' id='par_1_7' title="bbox 0 0 1038 2996">
     <span class='ocr_line' id='line_1_35' title="bbox 0 0 1038 2996; baseline 0 0"><span class='ocrx_word' id='word_1_247' title='bbox 0 0 1038 2996; x_wconf 95' lang='lat' dir='ltr'> </span> 
     </span>
    </p>
   </div>
  </div>
 </body>
</html>
