2072 2998
181 129 230 184 ll0'
380 134 431 180 DE
454 134 578 180 BELLO
603 134 771 181 GALLICO

179 251 223 290 ma
231 233 331 306 speeies
341 251 432 288 eenrm
447 234 575 289 stantium
585 231 760 305 relinquatur.
783 233 843 290 Huo
854 241 948 309 quum
958 257 989 294 se

95 315 98 322 '
179 308 367 364 eonsuetudine
384 307 576 374 reclinaverint,
597 307 717 362 infirmas
738 308 844 364 arbores
863 313 988 383 pondere

179 381 308 456 adfligunt
318 390 396 454 atque
405 399 459 436 una
469 383 541 454 ipsae
549 381 700 437 oouoidunt.

233 457 354 513 XXVIII.
375 457 492 511 Tertium
507 465 547 511 est
555 473 640 528 genus
654 473 755 522 eorum,
777 456 825 528 qui
834 459 880 512 uri
889 459 987 531 adpel-

179 530 276 586 lentur.
297 531 330 586 Ili
345 537 409 585 sunt
424 531 607 603 magnitudIne
622 529 713 602 paullo
727 529 794 587 inira
808 531 982 604 elephantos;

179 607 266 677 speeie
282 612 309 661 et
329 604 413 660 eolore
434 612 459 660 et
478 605 563 678 figura
580 605 659 660 tauri.
679 605 775 678 Magna
788 606 831 661 vis
846 625 943 662 eorum
958 618 985 664 et

179 697 277 754 magna
296 678 432 736 velocitas:
454 696 541 752 neque
556 679 669 744 homim,
690 697 777 751 neque
795 679 874 746 ferae,
895 699 984 756 quam

179 754 499 826 oonspexenntparount.
520 755 572 808 Hos
581 753 699 809 studiose
707 753 789 810 foveis
798 763 887 827 captos
898 757 986 812 inter-

180 829 280 884 ficiunt.
300 829 354 884 IIoe
366 845 396 884 se
409 827 497 883 labore
511 827 608 883 durant
621 827 742 884 homines
753 829 932 886 adolescentes
942 840 985 886 at-

180 921 233 976 que
245 903 295 958 boo
308 920 403 976 genere
415 903 562 958 venationis
577 909 711 974 exereent3
732 909 766 967 et,
785 905 833 975 qui
847 904 984 976 plurimos
1022 925 1023 960 t

179 995 213 1034 ex
223 978 266 1032 his
276 977 468 1042 iuterfecerunt,
480 977 567 1032 relatis
577 976 606 1034 in
615 975 753 1049 publicum
762 978 897 1045 cornibus,
911 998 984 1052 quae

179 1053 234 1107 sint
253 1052 416 1118 testimonio,
436 1068 562 1126 magnam
579 1050 668 1107 ferunt
686 1050 801 1108 laudem.
821 1053 984 1111 Sedadsue-

180 1143 252 1181 soere
269 1126 303 1180 ad
313 1126 442 1181 homiues
459 1133 485 1180 et
502 1126 681 1192 mansuefieri,
701 1143 735 1180 ne
748 1127 853 1197 parvuli
868 1129 982 1200 quidem

179 1200 290 1270 excepti,
301 1207 423 1271 possunt.
444 1199 599 1271 Amplitudo
607 1217 737 1255 eornuum
747 1208 772 1255 et
781 1189 868 1274 figura
880 1210 906 1257 et
919 1221 982 1275 spe·
1022 1241 1023 1244 =

179 1275 232 1328 eies
242 1272 358 1328 multum
368 1291 383 1328 a
397 1279 547 1330 nostrorum
562 1275 644 1330 boum
654 1275 779 1330 oornibus
794 1275 890 1331 dissert.
911 1279 983 1334 Haeo

179 1347 296 1403 studiose
305 1348 454 1419 conquisita
463 1349 498 1404 ab
507 1347 588 1404 labris
597 1356 705 1422 argento
713 1349 928 1408 circumcludunt
940 1362 984 1408 at·

179 1423 269 1497 quein
280 1421 454 1495 amplissimis
462 1422 548 1496 epulis
557 1441 606 1496 pro
615 1422 717 1495 pooulis
727 1430 848 1479 utuntur.

233 1498 337 1554 XXIX.
357 1497 461 1564 Caesar,
482 1505 623 1570 postquam
641 1515 689 1570 per
700 1498 783 1552 Ubios
802 1497 982 1570 exploratores

179 1572 313 1645 comperit,
335 1573 436 1630 Suevos
446 1589 503 1627 sese
512 1573 541 1628 ln
550 1572 632 1628 silvas
642 1572 779 1644 reeepisse,
794 1573 913 1644 inopiam
923 1575 983 1630 iru-

153 1643 161 1652 “
179 1648 261 1704 menti
272 1649 381 1714 veritus,
388 1647 469 1720 quod,
480 1654 511 1702 ut
520 1665 601 1719 supra
610 1646 858 1711 demonstravimus,
866 1649 982 1706 minime

179 1740 272 1778 omnes
285 1722 411 1778 Germani
427 1721 602 1796 agriculturae
618 1721 734 1786 student,
757 1722 901 1788 constituit,
924 1741 981 1780 non

178 1797 301 1870 progredi
315 1797 435 1870 longius:
456 1795 512 1862 sed,
533 1813 567 1852 ne
579 1796 688 1851 omnino
704 1803 804 1850 metum
818 1795 919 1852 reditus
934 1800 979 1854 sui

178 1871 298 1925 barbaris
309 1870 416 1936 tolleret,
428 1877 545 1944 atqueut
553 1885 645 1926 eorum
654 1869 754 1926 auxilia
762 1869 884 1936 tardaret,
899 1873 982 1927 redu-

179 1945 354 2010 ammonitu,
377 1952 479 2015 partem
488 1943 610 2000 ultimam
619 1945 717 2016 pontis,
737 1961 806 2016 quae
815 1945 887 2016 ripas
897 1946 982 2002 Ubio-

178 2017 424 2090 rumoontingebat,
436 2019 464 2074 iu
473 2018 666 2092 longitudinem
675 2017 774 2090 pedum
783 2018 826 2074 CC
837 2021 978 2090 reseindit;
1022 2049 1023 2102 p

178 2097 257 2162 atque
276 2091 304 2145 iu
324 2099 441 2148 extremo
459 2101 537 2164 ponte
555 2094 650 2148 turrim
670 2092 846 2148 tabulatorum
864 2103 981 2167 quatuor
1022 2155 1023 2160 χ

178 2165 321 2230 eonstituit‚
343 2166 558 2238 praesidiumque
567 2167 713 2230 eohortium
723 2168 774 2222 XII
786 2169 874 2238 pontis
887 2171 980 2226 tuendi
1021 2171 1023 2300 4

177 2257 271 2296 eaussa
283 2238 358 2311 ponit
371 2240 530 2313 magnisque
543 2259 605 2296 eum
618 2241 705 2297 loeurn
724 2241 920 2298 munitionibus
934 2244 981 2298 lie

178 2323 252 2371 mat.¹
263 2314 296 2370 Ei
311 2314 366 2369 looo
375 2314 559 2386 praesidioque
569 2315 597 2371 C.
608 2315 755 2371 Volcatium
772 2313 980 2374 Tullum'adole·

178 2397 293 2446 soentom
307 2387 440 2462 praefecit:
462 2388 531 2459 ipse,
551 2405 637 2460 quum
656 2397 830 2446 maturescere
845 2389 979 2448 frumenta

178 2465 343 2536 inciperent
357 2463 391 2519 ad
408 2462 509 2521 bellum
522 2461 684 2536 Ambiorigis
699 2463 838 2534 proiectus,
860 2463 917 2539 sper
930 2467 980 2521 Ar-

178 2539 313 2596 duennam
323 2538 428 2604 silvam,
441 2544 557 2610 quaeest
566 2536 646 2592 totius
657 2537 758 2592 Galliae
767 2538 887 2594 maxima
901 2549 980 2612 atque

178 2612 213 2666 ab
222 2613 288 2684 ripis
297 2614 384 2670 libeni
394 2613 546 2686 finibusque
556 2612 723 2668 Trevirorum
733 2613 767 2667 ad
778 2613 890 2670 Nervios
899 2616 980 2686 perti-
