2044 2992
199 163 248 219 tra
293 205 296 212 ,
395 169 426 217 a,
445 167 574 214 tamnu
590 165 640 212 oa
657 163 785 211 sunno

196 269 338 328 contendit.
358 267 434 336 Quod
443 268 490 322 obi
499 267 631 321 Labienus
640 265 839 333 animadvertit,
853 285 913 324 cnm
921 265 979 339 equi

198 355 254 402 tatu
273 345 377 416 levique
389 349 520 399 armatura
539 355 633 414 agmen
653 340 712 394 eius
728 349 884 397 extremum
897 360 981 414 carpere

199 421 294 492 oeepit:
315 419 438 491 atqucita
448 417 561 471 lixarum
573 421 813 488 mercatorumque,
828 420 881 489 qui
894 418 982 489 plostris

199 512 297 552 meroes
316 494 460 568 portabant,
481 490 627 560 interceptis
646 491 769 556 sarcinis,
791 492 885 547 addito
901 494 981 548 animo,

199 571 308 644 propius
318 568 496 638 audaciusque
507 565 605 619 accedit
619 563 653 618 ad
667 563 801 637 legiones3
824 567 983 639 quodexisti·

201 648 298 710 mahat,
319 643 415 699 milites
437 642 580 695 subornare
598 655 628 692 ac
645 639 697 692 sub
714 641 829 694 sarcinis
848 641 984 716 defatigatos

202 737 319 795 pugnero
328 735 380 774 nou
392 734 477 788 posse.
507 715 579 782 Quae
592 731 633 768 res
644 714 784 768 Caesarem
795 733 853 771 non
863 715 983 772 fefellerat:

203 811 316 866 namque
328 793 463 864 expeditos
472 809 505 845 ex
515 789 628 862 singulis
640 787 792 861 legionibus
802 791 921 847 tricenos
933 791 985 846 mili

202 881 240 925 tes
249 885 306 924 esse
315 869 435 921 iusserat.
466 868 555 936 ltaque
563 881 618 928 eos,
631 864 655 917 in
666 865 817 934 equitatum
829 865 943 922 Labieni
951 869 985 920 in

203 946 307 1007 missos,
327 941 423 995 turmis
435 956 544 994 sucrum
558 939 793 1009 suppetiasmittit.
825 941 901 998 Tum
912 943 985 997 Labie
1000 974 1001 984 ,

201 1037 262 1081 nus,
282 1016 415 1070 conversis
425 1015 510 1086 equis,
532 1016 668 1086 signorum
679 1017 984 1087 conspectuperterritus,

201 1093 351 1164 turpissime
364 1090 496 1145 contendit
504 1089 602 1162 fugere,
624 1087 790 1142 multiscius
804 1093 914 1158 occisis,
935 1109 987 1146 com

203 1168 326 1240 pluribus
335 1165 488 1221 vulneratis.
509 1164 603 1220 Milites
614 1163 750 1238 legionaffi
764 1164 800 1218 ad
810 1181 863 1220 sua
874 1185 905 1221 se
915 1167 986 1237 recipi

190 1253 251 1299 ·unt
260 1243 336 1316 signa
346 1249 424 1313 atque
438 1241 486 1294 iter
494 1241 626 1309 inceptum
637 1241 674 1292 ire
683 1239 853 1309 coeperuni.'
871 1243 989 1296 Labienus

202 1337 250 1394 per
260 1319 354 1448 iqgum
364 1333 501 1371 summum
515 1313 588 1369 collis
596 1313 750 1368 dextrorsus
762 1315 859 1386 procul
876 1314 990 1387 subsequi

205 1409 257 1451 non
288 1393 380 1448 esistit.

259 1468 379 1525 LXXVI.
398 1467 540 1536 Postquam
555 1464 649 1520 Caesar
667 1461 700 1516 ad
713 1463 847 1534 oppidum
863 1463 990 1522 Sarsuran

202 1546 286 1609 uenit,
308 1541 514 1615 inspectantibus
536 1538 692 1593 adversariis
713 1537 852 1593 interiecto
875 1539 992 1612 praesidio

204 1620 344 1692 Scipionis,
355 1633 440 1690 quum
451 1616 508 1670 suis
517 1613 646 1668 auxilium
657 1611 723 1666 ierne
732 1629 787 1667 non
797 1614 939 1682 auderent,
956 1616 993 1669 ior-

203 1697 265 1750 titan
273 1699 436 1766 repugnante
446 1692 472 1744 P.
483 1688 611 1752 Cornelio,
626 1694 730 1742 evocato
737 1687 888 1759 Scipionis,
912 1693 958 1763 qni
968 1690 993 1742 ihi

204 1775 333 1842 praeerat,
357 1774 436 1839 atque
448 1783 464 1819 a
477 1763 647 1820 multitudine
659 1763 841 1818 circumvento
857 1766 995 1820 interiecto

206 1861 266 1918 que,
279 1842 375 1916 oppido
384 1841 493 1914 potitur.
514 1839 593 1909 'atque
607 1837 642 1891 ibi
653 1836 784 1891 frumento
793 1841 929 1896 exercitui
939 1842 994 1895 dato.

205 1918 361 1992 posterodie
370 1917 403 1971 ad
412 1915 539 1986 oppidum
549 1913 668 1967 Tisdram
680 1913 809 1983 pervenit,
832 1913 862 1968 in
875 1933 933 1988 quo
944 1916 997 1971 Con-

207 1995 293 2049 sidius
315 2009 361 2064 per
383 1991 411 2045 id
431 1999 536 2061 tempus
558 1987 641 2042 iuerat
665 1988 848 2059 ciimvgrandi
875 1991 997 2062 praesidio

207 2069 363 2138 mhortequa
380 2081 429 2120 sua
447 2065 629 2137 gladiatorum.
667 2061 775 2124 Caesar,
797 2059 897 2134 oppidi
917 2075 997 2120 natura

173 2147 177 2158 '
207 2149 349 2216 perspecta,
357 2140 528 2210 atqueinopia
539 2139 573 2192 ab
581 2137 776 2209 oppugnatione
784 2136 845 2192 eius
855 2139 997 2196 deterritus.

208 2219 328 2292 protinus
342 2213 472 2287 proiectus
488 2214 588 2267 circiter
601 2212 683 2267 millia
697 2227 828 2282 passuum
842 2223 966 2285 quatuor
978 2213 1000 2266 al

210 2297 307 2366 aquam
323 2290 383 2346 iacit
403 2297 495 2350 castra,
517 2293 596 2360 atquc
614 2286 675 2341 inde
694 2292 788 2356 quarto
808 2286 853 2342 dis
873 2305 1000 2363 egressus.

209 2371 276 2424 redit
286 2383 379 2422 rursus
389 2365 420 2418 ad
431 2381 460 2418 ea
469 2371 561 2427 castra,
573 2379 641 2434 quaa
650 2361 683 2416 ad
693 2361 762 2432 Agar
770 2360 919 2419 babuerat.
942 2366 1002 2420 Iden

208 2444 270 2498 iacit
276 2442 372 2513 Scipio,
387 2439 498 2511 atquein
510 2438 617 2507 antiqua
627 2443 709 2490 castra
718 2435 806 2505 copias
817 2437 938 2494 reducit.

264 2517 395 2570 mxxvii.
416 2514 599 2568 Thubenenses
611 2511 725 2574 inierim,
745 2511 793 2579 qui
810 2512 1002 2569 subditionem

210 2597 334 2660 potestate
343 2589 422 2643 lubae
435 2603 491 2641 osse
500 2592 677 2648 consuessent,
699 2585 726 2637 in
736 2590 855 2639 extrema
865 2587 929 2642 eius
939 2587 1002 2642 rasni

210 2663 316 2735 regione
325 2663 458 2717 maritima
468 2661 551 2725 locati,
575 2658 707 2713 interiecto
721 2658 793 2732 regio
801 2663 953 2731 praesidio,
967 2646 1002 2715 ‘le
