<?xml version="1.0" encoding="UTF-8"?>
<!DOCTYPE html PUBLIC "-//W3C//DTD XHTML 1.0 Transitional//EN"
    "http://www.w3.org/TR/xhtml1/DTD/xhtml1-transitional.dtd">
<html xmlns="http://www.w3.org/1999/xhtml" xml:lang="en" lang="en">
 <head>
  <title>
</title>
<meta http-equiv="Content-Type" content="text/html;charset=utf-8" />
  <meta name='ocr-system' content='tesseract 3.04.00' />
  <meta name='ocr-capabilities' content='ocr_page ocr_carea ocr_par ocr_line ocrx_word'/>
</head>
<body>
  <div class='ocr_page' id='page_1' title='image "./ciuliicaesarisc04caesgoog_0383.png"; bbox 0 0 2042 3004; ppageno 0'>
   <div class='ocr_carea' id='block_1_1' title="bbox 176 133 806 192">
    <p class='ocr_par' dir='ltr' id='par_1_1' title="bbox 176 133 806 192">
     <span class='ocr_line' id='line_1_1' title="bbox 176 133 806 192; baseline -0.002 -1"><span class='ocrx_word' id='word_1_1' title='bbox 176 133 226 192; x_wconf 77' lang='lat' dir='ltr'><strong>att</strong></span> <span class='ocrx_word' id='word_1_2' title='bbox 382 142 434 190; x_wconf 77' lang='lat' dir='ltr'><strong>nn</strong></span> <span class='ocrx_word' id='word_1_3' title='bbox 454 141 577 188; x_wconf 76' lang='lat' dir='ltr'><strong>annno</strong></span> <span class='ocrx_word' id='word_1_4' title='bbox 601 139 724 188; x_wconf 79' lang='lat' dir='ltr'><strong>crum</strong></span> <span class='ocrx_word' id='word_1_5' title='bbox 768 175 774 184; x_wconf 86' lang='lat'>.</span> <span class='ocrx_word' id='word_1_6' title='bbox 802 185 806 190; x_wconf 85' lang='lat'><em>.</em></span> 
     </span>
    </p>
   </div>
   <div class='ocr_carea' id='block_1_2' title="bbox 68 237 988 316">
    <p class='ocr_par' dir='ltr' id='par_1_2' title="bbox 68 237 988 316">
     <span class='ocr_line' id='line_1_2' title="bbox 68 237 988 316; baseline 0.008 -26"><span class='ocrx_word' id='word_1_7' title='bbox 68 285 70 290; x_wconf 83' lang='grc'>.</span> <span class='ocrx_word' id='word_1_8' title='bbox 176 242 218 301; x_wconf 81' lang='lat' dir='ltr'><strong>lae</strong></span> <span class='ocrx_word' id='word_1_9' title='bbox 234 249 412 316; x_wconf 52' lang='lat' dir='ltr'><strong>mercaret&lt;</strong></span> <span class='ocrx_word' id='word_1_10' title='bbox 441 239 537 296; x_wconf 77' lang='lat' dir='ltr'><strong>Milites</strong></span> <span class='ocrx_word' id='word_1_11' title='bbox 553 249 641 294; x_wconf 80' lang='lat' dir='ltr'><strong>temen</strong></span> <span class='ocrx_word' id='word_1_12' title='bbox 655 255 750 294; x_wconf 75' lang='lat' dir='ltr'><strong>ernooe</strong></span> <span class='ocrx_word' id='word_1_13' title='bbox 767 237 797 294; x_wconf 87' lang='lat' dir='ltr'><strong>iu</strong></span> <span class='ocrx_word' id='word_1_14' title='bbox 816 239 916 296; x_wconf 72' lang='lat' dir='ltr'><strong>ermis</strong></span> <span class='ocrx_word' id='word_1_15' title='bbox 932 256 988 296; x_wconf 79' lang='lat' dir='ltr'><strong>cese</strong></span> 
     </span>
    </p>
   </div>
   <div class='ocr_carea' id='block_1_3' title="bbox 176 313 984 1426">
    <p class='ocr_par' dir='ltr' id='par_1_3' title="bbox 176 313 984 1426">
     <span class='ocr_line' id='line_1_3' title="bbox 177 313 984 391; baseline -0.005 -19"><span class='ocrx_word' id='word_1_16' title='bbox 177 317 265 382; x_wconf 81' lang='lat' dir='ltr'><strong>iussit,</strong></span> <span class='ocrx_word' id='word_1_17' title='bbox 284 331 428 391; x_wconf 72' lang='lat' dir='ltr'><strong>regemque</strong></span> <span class='ocrx_word' id='word_1_18' title='bbox 438 315 555 370; x_wconf 80' lang='lat' dir='ltr'><strong>hortatus</strong></span> <span class='ocrx_word' id='word_1_19' title='bbox 568 322 616 378; x_wconf 83' lang='lat' dir='ltr'><strong>est,</strong></span> <span class='ocrx_word' id='word_1_20' title='bbox 637 321 668 367; x_wconf 90' lang='lat' dir='ltr'><strong>ut</strong></span> <span class='ocrx_word' id='word_1_21' title='bbox 685 329 719 368; x_wconf 82' lang='lat' dir='ltr'><strong>ex</strong></span> <span class='ocrx_word' id='word_1_22' title='bbox 734 313 794 368; x_wconf 81' lang='lat' dir='ltr'><strong>suis</strong></span> <span class='ocrx_word' id='word_1_23' title='bbox 810 315 984 378; x_wconf 76' lang='lat' dir='ltr'><strong>necessariis,</strong></span> 
     </span>
     <span class='ocr_line' id='line_1_4' title="bbox 176 386 983 466; baseline -0.006 -18"><span class='ocrx_word' id='word_1_24' title='bbox 176 409 245 466; x_wconf 87' lang='lat' dir='ltr'><strong>quos</strong></span> <span class='ocrx_word' id='word_1_25' title='bbox 255 392 362 447; x_wconf 79' lang='lat' dir='ltr'><strong>baberet</strong></span> <span class='ocrx_word' id='word_1_26' title='bbox 371 388 680 451; x_wconf 63' lang='lat' dir='ltr'><strong>acemanecestriae,</strong></span> <span class='ocrx_word' id='word_1_27' title='bbox 696 386 797 460; x_wconf 78' lang='lat' dir='ltr'><strong>legatos</strong></span> <span class='ocrx_word' id='word_1_28' title='bbox 807 388 845 442; x_wconf 88' lang='lat' dir='ltr'><strong>ad</strong></span> <span class='ocrx_word' id='word_1_29' title='bbox 856 389 983 444; x_wconf 70' lang='lat' dir='ltr'><strong>Achillae</strong></span> 
     </span>
     <span class='ocr_line' id='line_1_5' title="bbox 177 461 984 537; baseline -0.005 -15"><span class='ocrx_word' id='word_1_30' title='bbox 177 469 290 522; x_wconf 86' lang='lat' dir='ltr'><strong>mitteret</strong></span> <span class='ocrx_word' id='word_1_31' title='bbox 302 475 340 530; x_wconf 76' lang='lat' dir='ltr'><strong>et.</strong></span> <span class='ocrx_word' id='word_1_32' title='bbox 357 465 425 537; x_wconf 84' lang='lat' dir='ltr'><strong>quid</strong></span> <span class='ocrx_word' id='word_1_33' title='bbox 436 472 505 518; x_wconf 81' lang='lat' dir='ltr'><strong>esset</strong></span> <span class='ocrx_word' id='word_1_34' title='bbox 517 479 583 518; x_wconf 83' lang='lat' dir='ltr'><strong>suae</strong></span> <span class='ocrx_word' id='word_1_35' title='bbox 595 461 750 526; x_wconf 76' lang='lat' dir='ltr'><strong>relucentis,</strong></span> <span class='ocrx_word' id='word_1_36' title='bbox 766 463 942 520; x_wconf 62' lang='lat' dir='ltr'><strong>menoare.</strong></span> <span class='ocrx_word' id='word_1_37' title='bbox 964 463 984 518; x_wconf 77' lang='lat' dir='ltr'><strong>l</strong></span> 
     </span>
     <span class='ocr_line' id='line_1_6' title="bbox 178 536 984 615; baseline -0.007 -18"><span class='ocrx_word' id='word_1_38' title='bbox 178 559 232 615; x_wconf 86' lang='lat' dir='ltr'><strong>que</strong></span> <span class='ocrx_word' id='word_1_39' title='bbox 249 541 327 596; x_wconf 87' lang='lat' dir='ltr'><strong>missi</strong></span> <span class='ocrx_word' id='word_1_40' title='bbox 345 537 508 595; x_wconf 69' lang='lat' dir='ltr'><strong>Dioscorides</strong></span> <span class='ocrx_word' id='word_1_41' title='bbox 524 544 550 592; x_wconf 88' lang='lat' dir='ltr'><strong>et</strong></span> <span class='ocrx_word' id='word_1_42' title='bbox 564 536 706 608; x_wconf 75' lang='lat' dir='ltr'><strong>Serapiou,</strong></span> <span class='ocrx_word' id='word_1_43' title='bbox 726 537 778 608; x_wconf 82' lang='lat' dir='ltr'><strong>qui</strong></span> <span class='ocrx_word' id='word_1_44' title='bbox 799 538 890 594; x_wconf 84' lang='lat' dir='ltr'><strong>ambo</strong></span> <span class='ocrx_word' id='word_1_45' title='bbox 908 539 984 612; x_wconf 81' lang='lat' dir='ltr'><strong>legati</strong></span> 
     </span>
     <span class='ocr_line' id='line_1_7' title="bbox 178 611 983 686; baseline -0.01 -11"><span class='ocrx_word' id='word_1_46' title='bbox 178 617 276 676; x_wconf 83' lang='lat' dir='ltr'><strong>Romae</strong></span> <span class='ocrx_word' id='word_1_47' title='bbox 289 614 392 671; x_wconf 78' lang='lat' dir='ltr'><strong>fueraut</strong></span> <span class='ocrx_word' id='word_1_48' title='bbox 407 629 584 686; x_wconf 82' lang='lat' dir='ltr'><strong>magnamque</strong></span> <span class='ocrx_word' id='word_1_49' title='bbox 597 611 668 684; x_wconf 86' lang='lat' dir='ltr'><strong>opud</strong></span> <span class='ocrx_word' id='word_1_50' title='bbox 681 618 784 682; x_wconf 84' lang='lat' dir='ltr'><strong>patrem</strong></span> <span class='ocrx_word' id='word_1_51' title='bbox 795 611 983 670; x_wconf 72' lang='lat' dir='ltr'><strong>Ptolemaeum</strong></span> 
     </span>
     <span class='ocr_line' id='line_1_8' title="bbox 178 685 982 756; baseline -0.007 -8"><span class='ocrx_word' id='word_1_52' title='bbox 178 690 358 748; x_wconf 80' lang='lat' dir='ltr'><strong>auctoritatem</strong></span> <span class='ocrx_word' id='word_1_53' title='bbox 366 688 519 752; x_wconf 79' lang='lat' dir='ltr'><strong>habuerant,</strong></span> <span class='ocrx_word' id='word_1_54' title='bbox 531 686 565 742; x_wconf 90' lang='lat' dir='ltr'><strong>ad</strong></span> <span class='ocrx_word' id='word_1_55' title='bbox 574 685 693 742; x_wconf 75' lang='lat' dir='ltr'><strong>Achillan</strong></span> <span class='ocrx_word' id='word_1_56' title='bbox 700 695 899 756; x_wconf 83' lang='lat' dir='ltr'><strong>peruenerunt.</strong></span> <span class='ocrx_word' id='word_1_57' title='bbox 914 687 982 755; x_wconf 84' lang='lat' dir='ltr'><strong>Quos</strong></span> 
     </span>
     <span class='ocr_line' id='line_1_9' title="bbox 178 759 981 839; baseline -0.005 -18"><span class='ocrx_word' id='word_1_58' title='bbox 178 765 232 830; x_wconf 88' lang='lat' dir='ltr'><strong>iile,</strong></span> <span class='ocrx_word' id='word_1_59' title='bbox 248 781 333 839; x_wconf 84' lang='lat' dir='ltr'><strong>quum</strong></span> <span class='ocrx_word' id='word_1_60' title='bbox 349 762 554 832; x_wconf 80' lang='lat' dir='ltr'><strong>inconspectum</strong></span> <span class='ocrx_word' id='word_1_61' title='bbox 567 759 782 826; x_wconf 55' lang='lat' dir='ltr'><strong>eiusveuissent,=</strong></span> <span class='ocrx_word' id='word_1_62' title='bbox 794 761 888 832; x_wconf 86' lang='lat' dir='ltr'><strong>prius,</strong></span> <span class='ocrx_word' id='word_1_63' title='bbox 903 781 981 835; x_wconf 86' lang='lat' dir='ltr'><strong>quam</strong></span> 
     </span>
     <span class='ocr_line' id='line_1_10' title="bbox 180 834 979 909; baseline -0.009 -13"><span class='ocrx_word' id='word_1_64' title='bbox 180 838 288 901; x_wconf 85' lang='lat' dir='ltr'><strong>audiret,</strong></span> <span class='ocrx_word' id='word_1_65' title='bbox 301 845 357 901; x_wconf 85' lang='lat' dir='ltr'><strong>aut,</strong></span> <span class='ocrx_word' id='word_1_66' title='bbox 366 835 443 890; x_wconf 87' lang='lat' dir='ltr'><strong>cuius</strong></span> <span class='ocrx_word' id='word_1_67' title='bbox 453 836 492 889; x_wconf 90' lang='lat' dir='ltr'><strong>rei</strong></span> <span class='ocrx_word' id='word_1_68' title='bbox 501 853 594 890; x_wconf 83' lang='lat' dir='ltr'><strong>caussa</strong></span> <span class='ocrx_word' id='word_1_69' title='bbox 602 834 679 888; x_wconf 89' lang='lat' dir='ltr'><strong>missi</strong></span> <span class='ocrx_word' id='word_1_70' title='bbox 688 841 786 900; x_wconf 80' lang='lat' dir='ltr'><strong>esseut,</strong></span> <span class='ocrx_word' id='word_1_71' title='bbox 797 845 979 909; x_wconf 80' lang='lat' dir='ltr'><strong>cognoscerer,</strong></span> 
     </span>
     <span class='ocr_line' id='line_1_11' title="bbox 179 907 980 984; baseline -0.006 -14"><span class='ocrx_word' id='word_1_72' title='bbox 179 913 274 984; x_wconf 84' lang='lat' dir='ltr'><strong>corripi</strong></span> <span class='ocrx_word' id='word_1_73' title='bbox 284 919 361 982; x_wconf 85' lang='lat' dir='ltr'><strong>atque</strong></span> <span class='ocrx_word' id='word_1_74' title='bbox 371 909 481 964; x_wconf 80' lang='lat' dir='ltr'><strong>interfici</strong></span> <span class='ocrx_word' id='word_1_75' title='bbox 492 909 583 965; x_wconf 83' lang='lat' dir='ltr'><strong>iussit:</strong></span> <span class='ocrx_word' id='word_1_76' title='bbox 603 926 718 982; x_wconf 89' lang='lat' dir='ltr'><strong>quorum</strong></span> <span class='ocrx_word' id='word_1_77' title='bbox 726 907 791 962; x_wconf 88' lang='lat' dir='ltr'><strong>alter</strong></span> <span class='ocrx_word' id='word_1_78' title='bbox 802 919 916 982; x_wconf 78' lang='lat' dir='ltr'><strong>accepto</strong></span> <span class='ocrx_word' id='word_1_79' title='bbox 926 911 980 968; x_wconf 88' lang='lat' dir='ltr'><strong>vul·</strong></span> 
     </span>
     <span class='ocr_line' id='line_1_12' title="bbox 178 981 981 1058; baseline -0.006 -14"><span class='ocrx_word' id='word_1_80' title='bbox 178 1004 241 1045; x_wconf 81' lang='lat' dir='ltr'><strong>uere</strong></span> <span class='ocrx_word' id='word_1_81' title='bbox 250 991 453 1058; x_wconf 82' lang='lat' dir='ltr'><strong>occupatqs‚per</strong></span> <span class='ocrx_word' id='word_1_82' title='bbox 462 1001 524 1038; x_wconf 88' lang='lat' dir='ltr'><strong>snos</strong></span> <span class='ocrx_word' id='word_1_83' title='bbox 534 983 674 1056; x_wconf 84' lang='lat' dir='ltr'><strong>proeccise</strong></span> <span class='ocrx_word' id='word_1_84' title='bbox 681 981 814 1048; x_wconf 84' lang='lat' dir='ltr'><strong>sublatus,</strong></span> <span class='ocrx_word' id='word_1_85' title='bbox 821 983 893 1041; x_wconf 85' lang='lat' dir='ltr'><strong>aller</strong></span> <span class='ocrx_word' id='word_1_86' title='bbox 904 987 981 1042; x_wconf 87' lang='lat' dir='ltr'><strong>inter-</strong></span> 
     </span>
     <span class='ocr_line' id='line_1_13' title="bbox 179 1057 978 1132; baseline 0 -15"><span class='ocrx_word' id='word_1_87' title='bbox 179 1062 261 1118; x_wconf 85' lang='lat' dir='ltr'><strong>lectus</strong></span> <span class='ocrx_word' id='word_1_88' title='bbox 271 1069 319 1114; x_wconf 83' lang='lat' dir='ltr'><strong>est.</strong></span> <span class='ocrx_word' id='word_1_89' title='bbox 340 1057 398 1126; x_wconf 65' lang='lat' dir='ltr'><strong>(bre</strong></span> <span class='ocrx_word' id='word_1_90' title='bbox 406 1057 614 1132; x_wconf 64' lang='lat' dir='ltr'><strong>nenoegemre</strong></span> <span class='ocrx_word' id='word_1_91' title='bbox 625 1057 654 1114; x_wconf 89' lang='lat' dir='ltr'><strong>in</strong></span> <span class='ocrx_word' id='word_1_92' title='bbox 663 1075 712 1112; x_wconf 82' lang='lat' dir='ltr'><strong>sua</strong></span> <span class='ocrx_word' id='word_1_93' title='bbox 720 1065 850 1129; x_wconf 76' lang='lat' dir='ltr'><strong>potestate</strong></span> <span class='ocrx_word' id='word_1_94' title='bbox 861 1060 978 1123; x_wconf 85' lang='lat' dir='ltr'><strong>haberet,</strong></span> 
     </span>
     <span class='ocr_line' id='line_1_14' title="bbox 180 1123 980 1208; baseline -0.005 -14"><span class='ocrx_word' id='word_1_95' title='bbox 180 1135 274 1194; x_wconf 83' lang='lat' dir='ltr'><strong>Caesar</strong></span> <span class='ocrx_word' id='word_1_96' title='bbox 290 1123 384 1200; x_wconf 78' lang='lat' dir='ltr'><strong>eilecit,</strong></span> <span class='ocrx_word' id='word_1_97' title='bbox 402 1134 579 1208; x_wconf 81' lang='lat' dir='ltr'><strong>magnamque</strong></span> <span class='ocrx_word' id='word_1_98' title='bbox 593 1133 696 1206; x_wconf 83' lang='lat' dir='ltr'><strong>regium</strong></span> <span class='ocrx_word' id='word_1_99' title='bbox 710 1149 808 1188; x_wconf 87' lang='lat' dir='ltr'><strong>nomeu</strong></span> <span class='ocrx_word' id='word_1_100' title='bbox 822 1135 902 1206; x_wconf 87' lang='lat' dir='ltr'><strong>apud</strong></span> <span class='ocrx_word' id='word_1_101' title='bbox 922 1153 980 1190; x_wconf 89' lang='lat' dir='ltr'><strong>sues</strong></span> 
     </span>
     <span class='ocr_line' id='line_1_15' title="bbox 180 1205 980 1284; baseline -0.003 -18"><span class='ocrx_word' id='word_1_102' title='bbox 180 1207 357 1275; x_wconf 67' lang='lat' dir='ltr'><strong>crebritatem</strong></span> <span class='ocrx_word' id='word_1_103' title='bbox 377 1208 473 1264; x_wconf 88' lang='lat' dir='ltr'><strong>habere</strong></span> <span class='ocrx_word' id='word_1_104' title='bbox 490 1205 655 1274; x_wconf 76' lang='lat' dir='ltr'><strong>existimans,</strong></span> <span class='ocrx_word' id='word_1_105' title='bbox 675 1215 699 1262; x_wconf 91' lang='lat' dir='ltr'><strong>et</strong></span> <span class='ocrx_word' id='word_1_106' title='bbox 718 1215 747 1261; x_wconf 89' lang='lat' dir='ltr'><strong>ut</strong></span> <span class='ocrx_word' id='word_1_107' title='bbox 767 1208 860 1280; x_wconf 87' lang='lat' dir='ltr'><strong>potius</strong></span> <span class='ocrx_word' id='word_1_108' title='bbox 880 1212 980 1284; x_wconf 90' lang='lat' dir='ltr'><strong>private</strong></span> 
     </span>
     <span class='ocr_line' id='line_1_16' title="bbox 179 1281 978 1360; baseline -0.005 -18"><span class='ocrx_word' id='word_1_109' title='bbox 179 1301 323 1360; x_wconf 88' lang='lat' dir='ltr'><strong>paucorum</strong></span> <span class='ocrx_word' id='word_1_110' title='bbox 333 1291 358 1340; x_wconf 86' lang='lat' dir='ltr'><strong>et</strong></span> <span class='ocrx_word' id='word_1_111' title='bbox 368 1281 683 1357; x_wconf 67' lang='lat' dir='ltr'><strong>latronum,quamregio</strong></span> <span class='ocrx_word' id='word_1_112' title='bbox 691 1281 810 1348; x_wconf 67' lang='lat' dir='ltr'><strong>oonsiliq</strong></span> <span class='ocrx_word' id='word_1_113' title='bbox 823 1295 978 1360; x_wconf 86' lang='lat' dir='ltr'><strong>susceptum</strong></span> 
     </span>
     <span class='ocr_line' id='line_1_17' title="bbox 180 1358 436 1426; baseline 0.008 -10"><span class='ocrx_word' id='word_1_114' title='bbox 180 1359 281 1426; x_wconf 83' lang='lat' dir='ltr'><strong>bellum</strong></span> <span class='ocrx_word' id='word_1_115' title='bbox 292 1358 436 1418; x_wconf 85' lang='lat' dir='ltr'><strong>videretur.</strong></span> 
     </span>
    </p>
   </div>
   <div class='ocr_carea' id='block_1_4' title="bbox 105 1497 979 2708">
    <p class='ocr_par' dir='ltr' id='par_1_4' title="bbox 105 1497 979 2708">
     <span class='ocr_line' id='line_1_18' title="bbox 236 1497 976 1586; baseline -0.008 -16"><span class='ocrx_word' id='word_1_116' title='bbox 236 1509 293 1570; x_wconf 83' lang='lat' dir='ltr'><strong>CX.</strong></span> <span class='ocrx_word' id='word_1_117' title='bbox 313 1511 395 1566; x_wconf 87' lang='lat' dir='ltr'><strong>Erant</strong></span> <span class='ocrx_word' id='word_1_118' title='bbox 404 1525 466 1568; x_wconf 83' lang='lat' dir='ltr'><strong>cum</strong></span> <span class='ocrx_word' id='word_1_119' title='bbox 479 1505 582 1586; x_wconf 78' lang='lat' dir='ltr'><strong>Achilla</strong></span> <span class='ocrx_word' id='word_1_120' title='bbox 592 1507 689 1579; x_wconf 84' lang='lat' dir='ltr'><strong>copiae,</strong></span> <span class='ocrx_word' id='word_1_121' title='bbox 709 1497 740 1562; x_wconf 83' lang='lat' dir='ltr'><strong>at</strong></span> <span class='ocrx_word' id='word_1_122' title='bbox 753 1524 842 1578; x_wconf 79' lang='lat' dir='ltr'><strong>neque</strong></span> <span class='ocrx_word' id='word_1_123' title='bbox 856 1526 976 1574; x_wconf 81' lang='lat' dir='ltr'><strong>numere,</strong></span> 
     </span>
     <span class='ocr_line' id='line_1_19' title="bbox 183 1581 978 1660; baseline -0.006 -16"><span class='ocrx_word' id='word_1_124' title='bbox 183 1605 269 1660; x_wconf 85' lang='lat' dir='ltr'><strong>neque</strong></span> <span class='ocrx_word' id='word_1_125' title='bbox 283 1603 376 1660; x_wconf 79' lang='lat' dir='ltr'><strong>genere</strong></span> <span class='ocrx_word' id='word_1_126' title='bbox 389 1584 539 1648; x_wconf 82' lang='lat' dir='ltr'><strong>hominum,</strong></span> <span class='ocrx_word' id='word_1_127' title='bbox 561 1600 647 1654; x_wconf 90' lang='lat' dir='ltr'><strong>neque</strong></span> <span class='ocrx_word' id='word_1_128' title='bbox 662 1599 712 1638; x_wconf 90' lang='lat' dir='ltr'><strong>usu</strong></span> <span class='ocrx_word' id='word_1_129' title='bbox 723 1581 764 1636; x_wconf 79' lang='lat' dir='ltr'><strong>rei</strong></span> <span class='ocrx_word' id='word_1_130' title='bbox 780 1581 909 1638; x_wconf 79' lang='lat' dir='ltr'><strong>militaris</strong></span> <span class='ocrx_word' id='word_1_131' title='bbox 922 1603 978 1639; x_wconf 89' lang='lat' dir='ltr'><strong>een-</strong></span> 
     </span>
     <span class='ocr_line' id='line_1_20' title="bbox 182 1655 977 1730; baseline -0.009 -11"><span class='ocrx_word' id='word_1_132' title='bbox 182 1659 336 1724; x_wconf 80' lang='lat' dir='ltr'><strong>tenaueudae</strong></span> <span class='ocrx_word' id='word_1_133' title='bbox 353 1660 517 1716; x_wconf 86' lang='lat' dir='ltr'><strong>viderentur:</strong></span> <span class='ocrx_word' id='word_1_134' title='bbox 538 1655 622 1714; x_wconf 89' lang='lat' dir='ltr'><strong>millia</strong></span> <span class='ocrx_word' id='word_1_135' title='bbox 640 1655 711 1712; x_wconf 89' lang='lat' dir='ltr'><strong>enim</strong></span> <span class='ocrx_word' id='word_1_136' title='bbox 728 1655 824 1730; x_wconf 77' lang='lat' dir='ltr'><strong>viginti</strong></span> <span class='ocrx_word' id='word_1_137' title='bbox 848 1655 879 1712; x_wconf 90' lang='lat' dir='ltr'><strong>in</strong></span> <span class='ocrx_word' id='word_1_138' title='bbox 901 1660 977 1716; x_wconf 87' lang='lat' dir='ltr'><strong>armis</strong></span> 
     </span>
     <span class='ocr_line' id='line_1_21' title="bbox 182 1728 976 1806; baseline -0.011 -12"><span class='ocrx_word' id='word_1_139' title='bbox 182 1737 304 1794; x_wconf 84' lang='lat' dir='ltr'><strong>habebat.</strong></span> <span class='ocrx_word' id='word_1_140' title='bbox 325 1735 378 1791; x_wconf 88' lang='lat' dir='ltr'><strong>Hae</strong></span> <span class='ocrx_word' id='word_1_141' title='bbox 393 1734 545 1790; x_wconf 85' lang='lat' dir='ltr'><strong>constabant</strong></span> <span class='ocrx_word' id='word_1_142' title='bbox 558 1749 592 1788; x_wconf 89' lang='lat' dir='ltr'><strong>ex</strong></span> <span class='ocrx_word' id='word_1_143' title='bbox 606 1729 761 1786; x_wconf 78' lang='lat' dir='ltr'><strong>Gabinianis</strong></span> <span class='ocrx_word' id='word_1_144' title='bbox 775 1728 923 1794; x_wconf 79' lang='lat' dir='ltr'><strong>militibus.</strong></span> <span class='ocrx_word' id='word_1_145' title='bbox 936 1733 976 1806; x_wconf 86' lang='lat' dir='ltr'><strong>qui</strong></span> 
     </span>
     <span class='ocr_line' id='line_1_22' title="bbox 182 1804 976 1872; baseline -0.005 -6"><span class='ocrx_word' id='word_1_146' title='bbox 182 1809 279 1872; x_wconf 88' lang='lat' dir='ltr'><strong>iamin</strong></span> <span class='ocrx_word' id='word_1_147' title='bbox 295 1809 510 1866; x_wconf 86' lang='lat' dir='ltr'><strong>cousuetudinem</strong></span> <span class='ocrx_word' id='word_1_148' title='bbox 525 1805 716 1866; x_wconf 77' lang='lat' dir='ltr'><strong>Alexandrinae</strong></span> <span class='ocrx_word' id='word_1_149' title='bbox 732 1805 800 1860; x_wconf 86' lang='lat' dir='ltr'><strong>vitae</strong></span> <span class='ocrx_word' id='word_1_150' title='bbox 814 1823 846 1859; x_wconf 88' lang='lat' dir='ltr'><strong>ac</strong></span> <span class='ocrx_word' id='word_1_151' title='bbox 860 1804 976 1862; x_wconf 87' lang='lat' dir='ltr'><strong>licentiae</strong></span> 
     </span>
     <span class='ocr_line' id='line_1_23' title="bbox 183 1877 977 1956; baseline -0.008 -14"><span class='ocrx_word' id='word_1_152' title='bbox 183 1893 319 1948; x_wconf 73' lang='lat' dir='ltr'><strong>venerant,</strong></span> <span class='ocrx_word' id='word_1_153' title='bbox 332 1893 357 1940; x_wconf 87' lang='lat' dir='ltr'><strong>ct</strong></span> <span class='ocrx_word' id='word_1_154' title='bbox 372 1903 466 1940; x_wconf 76' lang='lat' dir='ltr'><strong>umnan</strong></span> <span class='ocrx_word' id='word_1_155' title='bbox 476 1881 696 1956; x_wconf 81' lang='lat' dir='ltr'><strong>disciplinamque</strong></span> <span class='ocrx_word' id='word_1_156' title='bbox 709 1878 799 1952; x_wconf 92' lang='lat' dir='ltr'><strong>populi</strong></span> <span class='ocrx_word' id='word_1_157' title='bbox 810 1877 928 1937; x_wconf 87' lang='lat' dir='ltr'><strong>Romani</strong></span> <span class='ocrx_word' id='word_1_158' title='bbox 937 1881 977 1936; x_wconf 89' lang='lat' dir='ltr'><strong>de-</strong></span> 
     </span>
     <span class='ocr_line' id='line_1_24' title="bbox 105 1953 975 2030; baseline -0.005 -16"><span class='ocrx_word' id='word_1_159' title='bbox 105 1957 109 1969; x_wconf 86' lang='lat'>&#39;</span> <span class='ocrx_word' id='word_1_160' title='bbox 185 1959 329 2016; x_wconf 83' lang='lat' dir='ltr'><strong>didicerant</strong></span> <span class='ocrx_word' id='word_1_161' title='bbox 350 1976 499 2030; x_wconf 82' lang='lat' dir='ltr'><strong>uxoresque</strong></span> <span class='ocrx_word' id='word_1_162' title='bbox 516 1959 662 2022; x_wconf 47' lang='lat' dir='ltr'><strong>donnana</strong></span> <span class='ocrx_word' id='word_1_163' title='bbox 684 1953 837 2027; x_wconf 84' lang='lat' dir='ltr'><strong>exquibus</strong></span> <span class='ocrx_word' id='word_1_164' title='bbox 858 1955 975 2030; x_wconf 88' lang='lat' dir='ltr'><strong>plerique</strong></span> 
     </span>
     <span class='ocr_line' id='line_1_25' title="bbox 184 2027 975 2100; baseline -0.004 -13"><span class='ocrx_word' id='word_1_165' title='bbox 184 2034 280 2087; x_wconf 89' lang='lat' dir='ltr'><strong>liberos</strong></span> <span class='ocrx_word' id='word_1_166' title='bbox 290 2031 431 2087; x_wconf 81' lang='lat' dir='ltr'><strong>habebant.</strong></span> <span class='ocrx_word' id='word_1_167' title='bbox 452 2035 508 2087; x_wconf 91' lang='lat' dir='ltr'><strong>Huc</strong></span> <span class='ocrx_word' id='word_1_168' title='bbox 519 2031 673 2088; x_wconf 80' lang='lat' dir='ltr'><strong>accedebant</strong></span> <span class='ocrx_word' id='word_1_169' title='bbox 684 2027 781 2084; x_wconf 87' lang='lat' dir='ltr'><strong>collecti</strong></span> <span class='ocrx_word' id='word_1_170' title='bbox 796 2047 828 2083; x_wconf 86' lang='lat' dir='ltr'><strong>ex</strong></span> <span class='ocrx_word' id='word_1_171' title='bbox 839 2031 975 2100; x_wconf 85' lang='lat' dir='ltr'><strong>praedoni-</strong></span> 
     </span>
     <span class='ocr_line' id='line_1_26' title="bbox 184 2103 974 2180; baseline -0.006 -16"><span class='ocrx_word' id='word_1_172' title='bbox 184 2109 235 2164; x_wconf 89' lang='lat' dir='ltr'><strong>bus</strong></span> <span class='ocrx_word' id='word_1_173' title='bbox 249 2105 448 2178; x_wconf 72' lang='lat' dir='ltr'><strong>latronibusque</strong></span> <span class='ocrx_word' id='word_1_174' title='bbox 458 2105 549 2180; x_wconf 83' lang='lat' dir='ltr'><strong>Syriae</strong></span> <span class='ocrx_word' id='word_1_175' title='bbox 562 2105 721 2176; x_wconf 84' lang='lat' dir='ltr'><strong>Ciliciaeque</strong></span> <span class='ocrx_word' id='word_1_176' title='bbox 733 2103 885 2175; x_wconf 86' lang='lat' dir='ltr'><strong>provinciae</strong></span> <span class='ocrx_word' id='word_1_177' title='bbox 900 2107 974 2161; x_wconf 83' lang='lat' dir='ltr'><strong>liniti·</strong></span> 
     </span>
     <span class='ocr_line' id='line_1_27' title="bbox 186 2178 973 2254; baseline -0.006 -16"><span class='ocrx_word' id='word_1_178' title='bbox 186 2195 344 2252; x_wconf 85' lang='lat' dir='ltr'><strong>maruruque</strong></span> <span class='ocrx_word' id='word_1_179' title='bbox 356 2181 505 2254; x_wconf 71' lang='lat' dir='ltr'><strong>regionum.</strong></span> <span class='ocrx_word' id='word_1_180' title='bbox 525 2179 602 2236; x_wconf 84' lang='lat' dir='ltr'><strong>llulti</strong></span> <span class='ocrx_word' id='word_1_181' title='bbox 616 2187 744 2250; x_wconf 81' lang='lat' dir='ltr'><strong>praeterea</strong></span> <span class='ocrx_word' id='word_1_182' title='bbox 759 2178 852 2248; x_wconf 85' lang='lat' dir='ltr'><strong>eapitis</strong></span> <span class='ocrx_word' id='word_1_183' title='bbox 862 2179 973 2236; x_wconf 60' lang='lat' dir='ltr'><strong>baunari</strong></span> 
     </span>
     <span class='ocr_line' id='line_1_28' title="bbox 184 2251 979 2329; baseline -0.006 -16"><span class='ocrx_word' id='word_1_184' title='bbox 184 2255 343 2329; x_wconf 77' lang='lat' dir='ltr'><strong>exsulesque</strong></span> <span class='ocrx_word' id='word_1_185' title='bbox 351 2263 537 2310; x_wconf 87' lang='lat' dir='ltr'><strong>convenerant:</strong></span> <span class='ocrx_word' id='word_1_186' title='bbox 558 2253 732 2327; x_wconf 78' lang='lat' dir='ltr'><strong>lugitirisque</strong></span> <span class='ocrx_word' id='word_1_187' title='bbox 743 2251 869 2308; x_wconf 88' lang='lat' dir='ltr'><strong>omnibus</strong></span> <span class='ocrx_word' id='word_1_188' title='bbox 882 2256 979 2310; x_wconf 71' lang='lat' dir='ltr'><strong>uestes·</strong></span> 
     </span>
     <span class='ocr_line' id='line_1_29' title="bbox 185 2326 971 2402; baseline -0.006 -12"><span class='ocrx_word' id='word_1_189' title='bbox 185 2343 271 2390; x_wconf 75' lang='lat' dir='ltr'><strong>catus</strong></span> <span class='ocrx_word' id='word_1_190' title='bbox 280 2329 511 2387; x_wconf 76' lang='lat' dir='ltr'><strong>eratAlexandriae</strong></span> <span class='ocrx_word' id='word_1_191' title='bbox 519 2338 638 2402; x_wconf 70' lang='lat' dir='ltr'><strong>receptus</strong></span> <span class='ocrx_word' id='word_1_192' title='bbox 645 2337 766 2400; x_wconf 84' lang='lat' dir='ltr'><strong>certaque</strong></span> <span class='ocrx_word' id='word_1_193' title='bbox 774 2326 844 2381; x_wconf 84' lang='lat' dir='ltr'><strong>vitae</strong></span> <span class='ocrx_word' id='word_1_194' title='bbox 853 2329 971 2391; x_wconf 83' lang='lat' dir='ltr'><strong>conditio.</strong></span> 
     </span>
     <span class='ocr_line' id='line_1_30' title="bbox 141 2405 971 2479; baseline -0.007 -15"><span class='ocrx_word' id='word_1_195' title='bbox 141 2415 143 2424; x_wconf 93' lang='lat'>&#39;</span> <span class='ocrx_word' id='word_1_196' title='bbox 177 2417 229 2479; x_wconf 27' lang='lat' dir='ltr'><strong>&#39;ute</strong></span> <span class='ocrx_word' id='word_1_197' title='bbox 240 2408 301 2462; x_wconf 82' lang='lat' dir='ltr'><strong>dete</strong></span> <span class='ocrx_word' id='word_1_198' title='bbox 315 2406 429 2470; x_wconf 86' lang='lat' dir='ltr'><strong>nemine,</strong></span> <span class='ocrx_word' id='word_1_199' title='bbox 450 2405 566 2459; x_wconf 83' lang='lat' dir='ltr'><strong>militum</strong></span> <span class='ocrx_word' id='word_1_200' title='bbox 581 2411 669 2460; x_wconf 87' lang='lat' dir='ltr'><strong>essent</strong></span> <span class='ocrx_word' id='word_1_201' title='bbox 681 2417 804 2457; x_wconf 80' lang='lat' dir='ltr'><strong>numero:</strong></span> <span class='ocrx_word' id='word_1_202' title='bbox 825 2417 940 2472; x_wconf 88' lang='lat' dir='ltr'><strong>querum</strong></span> <span class='ocrx_word' id='word_1_203' title='bbox 953 2405 971 2458; x_wconf 84' lang='lat' dir='ltr'><strong>si</strong></span> 
     </span>
     <span class='ocr_line' id='line_1_31' title="bbox 186 2473 972 2554; baseline -0.008 -17"><span class='ocrx_word' id='word_1_204' title='bbox 186 2483 248 2554; x_wconf 86' lang='lat' dir='ltr'><strong>quie</strong></span> <span class='ocrx_word' id='word_1_205' title='bbox 257 2479 388 2536; x_wconf 74' lang='lat' dir='ltr'><strong>adoniae</strong></span> <span class='ocrx_word' id='word_1_206' title='bbox 397 2479 609 2552; x_wconf 85' lang='lat' dir='ltr'><strong>prehenderetur,</strong></span> <span class='ocrx_word' id='word_1_207' title='bbox 618 2491 751 2532; x_wconf 71' lang='lat' dir='ltr'><strong>eenerrsu</strong></span> <span class='ocrx_word' id='word_1_208' title='bbox 760 2473 876 2529; x_wconf 86' lang='lat' dir='ltr'><strong>militum</strong></span> <span class='ocrx_word' id='word_1_209' title='bbox 885 2479 972 2550; x_wconf 78' lang='lat' dir='ltr'><strong>eripie-</strong></span> 
     </span>
     <span class='ocr_line' id='line_1_32' title="bbox 186 2547 973 2627; baseline -0.005 -17"><span class='ocrx_word' id='word_1_210' title='bbox 186 2555 272 2620; x_wconf 80' lang='lat' dir='ltr'><strong>batur,</strong></span> <span class='ocrx_word' id='word_1_211' title='bbox 289 2556 336 2627; x_wconf 87' lang='lat' dir='ltr'><strong>qai</strong></span> <span class='ocrx_word' id='word_1_212' title='bbox 346 2555 529 2615; x_wconf 75' lang='lat' dir='ltr'><strong>rimanorum,</strong></span> <span class='ocrx_word' id='word_1_213' title='bbox 541 2551 650 2623; x_wconf 81' lang='lat' dir='ltr'><strong>quodie</strong></span> <span class='ocrx_word' id='word_1_214' title='bbox 660 2549 741 2604; x_wconf 83' lang='lat' dir='ltr'><strong>simili</strong></span> <span class='ocrx_word' id='word_1_215' title='bbox 751 2547 827 2618; x_wconf 87' lang='lat' dir='ltr'><strong>culpa</strong></span> <span class='ocrx_word' id='word_1_216' title='bbox 836 2552 973 2606; x_wconf 77' lang='lat' dir='ltr'><strong>vembro-</strong></span> 
     </span>
     <span class='ocr_line' id='line_1_33' title="bbox 186 2622 973 2708; baseline -0.004 -25"><span class='ocrx_word' id='word_1_217' title='bbox 186 2636 239 2693; x_wconf 88' lang='lat' dir='ltr'><strong>tur‚</strong></span> <span class='ocrx_word' id='word_1_218' title='bbox 255 2629 305 2700; x_wconf 87' lang='lat' dir='ltr'><strong>ipsi</strong></span> <span class='ocrx_word' id='word_1_219' title='bbox 316 2645 421 2700; x_wconf 89' lang='lat' dir='ltr'><strong>prosuo</strong></span> <span class='ocrx_word' id='word_1_220' title='bbox 434 2625 550 2701; x_wconf 80' lang='lat' dir='ltr'><strong>periculo</strong></span> <span class='ocrx_word' id='word_1_221' title='bbox 557 2624 738 2708; x_wconf 80' lang='lat' dir='ltr'><strong>deiendebunt.</strong></span> <span class='ocrx_word' id='word_1_222' title='bbox 758 2622 793 2680; x_wconf 82' lang='lat' dir='ltr'><strong>Hi</strong></span> <span class='ocrx_word' id='word_1_223' title='bbox 805 2638 897 2696; x_wconf 54' lang='lat' dir='ltr'><strong>Qum</strong></span> <span class='ocrx_word' id='word_1_224' title='bbox 911 2625 973 2680; x_wconf 85' lang='lat' dir='ltr'><strong>ami-</strong></span> 
     </span>
    </p>
   </div>
   <div class='ocr_carea' id='block_1_5' title="bbox 0 0 1032 3004">
    <p class='ocr_par' dir='ltr' id='par_1_5' title="bbox 0 0 1032 3004">
     <span class='ocr_line' id='line_1_34' title="bbox 0 0 1032 3004; baseline 0 0"><span class='ocrx_word' id='word_1_225' title='bbox 0 0 1032 3004; x_wconf 95' lang='lat' dir='ltr'><strong> </strong></span> 
     </span>
    </p>
   </div>
  </div>
 </body>
</html>
