2064 2996
170 107 205 160 28
389 111 439 158 DE
461 107 584 156 nELLo
610 108 778 158 eunuco

170 217 288 284 egerunt,
294 211 333 266 uti
338 209 442 266 Caesari
451 207 636 264 satisfacerent:
648 225 677 264 sa
686 225 772 280 neque
778 225 910 282 nmquam
918 211 977 268 du—

171 285 275 350 bitasse,
283 302 369 356 nequa
377 283 507 349 timuisse,
513 299 600 355 neque
608 283 642 337 de
648 299 752 338 summa
762 283 825 338 belli
834 302 917 340 suum
927 287 974 343 in-

170 357 974 432 dicium,sedimperatorisesse,existimavisse.Eorumsatis-

170 433 280 490 faotione
288 441 420 506 aooeptaet
428 434 520 488 itinere
527 432 661 505 exquisito
668 432 886 504 parDivitiaoum,
894 438 972 507 quod

169 526 204 564 ex
212 507 272 564 aliis
280 509 305 564 ei
314 509 459 563 mximam
469 507 549 562 tidem
559 507 679 572 habebat,
686 513 716 562 ut
725 506 839 562 millium
850 509 972 581 amplius

169 583 363 656 quinquaginta
378 582 488 638 circuitu
504 580 567 636 locis
581 582 678 653 apertis
693 589 836 636 exercitum
849 582 969 652 duceret,

169 657 203 712 de
211 665 304 729 quarta
313 656 413 730 vigilia,
424 664 455 712 ut
462 656 572 721 dixerat,
584 654 714 728 profectus
723 663 772 712 est.
785 655 903 728 Septimo
912 659 969 726 die,

64 775 67 783 .
170 748 256 804 quum
269 731 317 786 iter
330 747 384 786 non
399 730 587 796 intermitteret,
606 731 640 786 ab
653 729 861 802 exploratoribus
873 734 972 790 oertior

168 805 252 860 laetus
266 812 314 871 est,
332 804 457 862 Ariovisti
470 805 558 877 eopias
571 823 587 861 a
600 806 697 862 nostris
707 805 826 861 millibus
835 823 970 878 passuum

168 887 282 953 quatmr
291 886 317 934 et
325 879 420 954 viginti
429 879 530 934 abesse.

224 954 306 1010 XLII.
326 953 437 1028 Cognito
445 953 563 1010 Caesaris
572 952 696 1020 adventu,
707 952 856 1010 Ariovistus
866 953 968 1030 legatos

168 1029 202 1086 ad
210 1046 273 1084 eum
283 1027 375 1084 mittit:
396 1027 468 1100 quod
480 1035 555 1083 antea
566 1028 600 1084 de
607 1027 737 1100 oolloqrrio
749 1029 917 1101 postulasset,
939 1031 969 1088 id

168 1121 252 1176 perse
262 1103 318 1158 fieri
332 1102 416 1168 liuere,
436 1103 563 1175 qnoniam
577 1103 686 1174 propius
699 1104 862 1160 amessisset:
882 1123 968 1180 seque

168 1179 197 1234 id
214 1179 272 1234 sina
284 1177 400 1251 periculo
412 1175 497 1242 faeere
513 1193 591 1249 posse
606 1177 763 1232 existimare.
784 1179 842 1234 Non
863 1182 968 1253 respuit

167 1253 343 1310 uenditionem
352 1252 459 1309 Caesar:
479 1251 586 1323 iamque
597 1268 659 1306 eum
672 1251 706 1306 ad
718 1251 855 1308 sanitatem
869 1256 968 1311 reverti

167 1327 351 1393 arbitrabatur,
370 1344 456 1400 quum
464 1325 502 1393 id,
516 1325 589 1399 quod
602 1333 677 1382 antea
688 1327 785 1398 petenti
798 1327 965 1402 denegasset,
1010 1375 1015 1382 .

167 1402 237 1459 ultro
244 1402 423 1476 pollioeretur;
444 1418 622 1476 magnamque
633 1401 661 1456 in
675 1419 751 1473 spem
764 1402 895 1470 veniebat,
917 1422 968 1477 pro
1026 1431 1027 1461 z

166 1478 225 1534 suis
233 1479 313 1535 tantis
324 1478 468 1552 populique
477 1478 588 1534 Romani
601 1477 630 1532 in
641 1493 704 1532 eum
715 1475 859 1543 benefieiis,
872 1480 967 1554 oogni-

166 1555 200 1610 tis
210 1554 268 1610 suis
281 1553 428 1627 postulatis,
448 1552 511 1620 mre,
532 1553 571 1609 uti
584 1550 725 1624 pertinacia
737 1549 884 1608 desisteret.
904 1555 967 1610 Dies

166 1629 296 1702 oolloqnio
305 1629 391 1686 dictare
400 1636 448 1696 est,
468 1645 503 1683 ex
512 1627 594 1683 eodie
606 1625 725 1698 quintus.
749 1625 857 1682 Interim
877 1645 967 1700 quum
1025 1631 1026 1635 ’

166 1721 244 1776 saepe
253 1703 322 1760 ultro
330 1705 448 1775 citroque
457 1701 535 1775 legati
548 1702 616 1758 inter
628 1717 673 1756 eos
693 1699 867 1768 mitterentur,
886 1703 968 1760 Ario-

166 1777 252 1834 vistus
263 1776 415 1848 postulavit,
426 1793 460 1832 aa
469 1793 550 1848 quem
559 1775 673 1848 peditem
683 1775 716 1830 ad
725 1774 888 1847 oolloqnium
899 1779 967 1835 Cae-

165 1869 210 1907 sar
222 1851 374 1908 adduceret:
394 1850 478 1906 vereri
489 1867 528 1915 se,
545 1867 579 1906 ne
587 1869 634 1923 per
643 1850 752 1906 insidias
761 1850 795 1905 ab
804 1867 835 1905 eo
848 1852 967 1920 cneum-

165 1926 313 1982 vaniretur:
333 1932 445 1998 uterque
457 1941 520 1980 oum
535 1927 652 1997 equitatu
665 1925 778 1982 veniret:
798 1923 850 1979 alia
862 1927 967 1985 ratione

165 2016 195 2056 se
204 2017 257 2056 non
266 2007 482 2056 esseventuaum.
501 1998 605 2064 Caesar,
615 1999 687 2072 qnod
700 2015 787 2071 neque
798 1997 975 2073 oolloqnium¹
1022 2009 1023 2012 ’

165 2073 319 2146 interposita
331 2090 425 2129 caussa
441 2071 498 2128 tolli
519 2072 631 2140 volebat,
652 2091 738 2145 nequa
757 2072 871 2129 salutem
884 2095 965 2134 suam

109 2147 120 2168 '
165 2147 304 2205 Gallorum
318 2146 447 2220 equitatui
460 2147 621 2203 committere
637 2147 759 2213 audebat,
778 2151 966 2210 commodissi-
1022 2147 1023 2152 ’

164 2239 242 2281 mum
254 2239 313 2280 esse
325 2221 425 2288 statuit,
444 2221 570 2278 omnibns
581 2223 657 2294 quis
671 2221 754 2277 Gallis
768 2223 904 2294 equitibus
917 2227 965 2282 da-

164 2299 268 2365 tractis,
291 2313 322 2355 eo
339 2295 495 2372 legionarios
514 2295 612 2352 milites
631 2295 743 2370 legionis
760 2296 890 2364 decimae,
918 2301 964 2356 cui

164 2389 248 2444 wem
265 2372 382 2430 maxime
397 2369 557 2436 confidebat,
582 2371 729 2442 imponere,
752 2378 782 2426 ut
798 2373 963 2444 praesidium

165 2463 249 2518 quam
257 2447 458 2512 amicissimum,
479 2446 503 2500 si
516 2443 583 2517 quid
594 2461 662 2516 opus
674 2442 740 2498 laeto
748 2453 825 2510 esset,
845 2445 962 2504 haberet.

165 2519 243 2588 Quod
250 2541 336 2596 quum
346 2523 426 2587 lieret,
440 2537 494 2578 non
508 2517 641 2574 irridionle
653 2517 763 2589 quidam
775 2535 809 2572 ex
829 2519 963 2578 militibus

165 2595 282 2655 decimae
291 2597 402 2672 legionis
410 2597 490 2654 dixit:
502 2598 571 2664 plus,
583 2611 660 2664 quam
667 2595 800 2662 pollicitus
810 2601 882 2658 asset,
897 2595 962 2650 Coa-
