2078 2996
179 165 228 220 320
389 168 438 216 DE
456 169 579 214 BEL‘LO
603 167 725 215 cmm

178 269 306 334 crinibus,
323 275 448 324 tormenta
458 267 604 322 effecerttnt.
624 267 742 334 Quorum
751 267 856 341 cognita
867 277 982 326 seuten-

178 346 223 408 tia,
236 344 359 400 Octauus
369 343 459 414 quinis
468 343 559 396 castris
571 343 698 414 oppidum
708 341 884 398 circumdedit
895 352 983 416 etque

179 427 357 490 unotempore
366 417 501 472 obsidione
510 423 535 470 et
548 415 788 490 oppugnationibus
797 433 842 470 eos
853 435 981 488 premere

178 495 271 566 coepit.
296 493 337 548 Illi
349 492 436 547 omnia
446 491 544 564 perpeti
554 492 645 564 parati,
661 492 778 546 maxime
787 508 803 544 a
813 493 980 548 relrumen·

178 571 242 624 taria
258 567 417 623 laborabunt.
446 565 531 631 Quare
548 565 638 619 missis
660 565 693 620 ad
712 564 850 620 Caesarem
867 565 976 640 legatis¹

179 643 309 699 auxilium
322 642 356 696 ab
369 657 399 694 eo
411 639 545 712 petebant:
565 637 676 710 reliqua,
697 647 864 712 utpoterant
887 658 940 712 per
950 659 977 695 se

179 717 342 772 incommoda
360 713 540 769 sustinebant:
565 722 591 768 et
608 713 687 787 longo
706 713 858 784 interposito
876 717 975 784 spatio,
1019 711 1020 720 ’

179 807 264 864 quum
276 790 435 858 diuturnitas
451 787 655 861 oppugnationis
673 781 876 916 negligentiores
896 787 977 844 Octa-
1020 787 1021 868 l

179 867 270 920 viancs
280 863 413 928 effecisset,
434 864 500 917 nacti
511 861 670 938 omasionem
680 863 744 916 meri
766 861 818 916 iani
831 867 886 916 tem
926 864 973 930 ris,
1020 889 1021 898 κ

178 939 296 994 discessu
305 955 406 1002 eorum,
425 938 514 1009 pueris
525 935 734 1008 mulieribusque
747 936 774 990 in
788 953 867 992 muro
903 939 976 1010 ispo

179 1015 245 1075 sitis,
258 1029 291 1066 ne
304 1012 370 1085 quid
383 1011 549 1084 quotidianae
561 1011 758 1066 consuetudinis
766 1009 972 1078 desideraretur,

178 1087 238 1159 ipsi,
256 1087 421 1151 manulacta,
440 1101 501 1140 cum
512 1085 553 1150 iis,
575 1101 643 1158 quos
652 1103 735 1156 nuper
747 1085 864 1140 maxime
876 1087 975 1142 libera·
1020 1113 1021 1116 ¹

169 1168 277 1221 uenat.
298 1162 325 1216 in
344 1160 576 1233 proximaOctavii
589 1167 673 1215 castra
686 1161 848 1231 irrupenrnt.
867 1161 974 1218 Hisex·

177 1236 311 1310 pugnatis,
330 1236 422 1291 eodem
432 1235 533 1306 impetu
546 1233 625 1290 altera
638 1242 702 1289 sunt
709 1233 801 1300 adorti,
824 1234 973 1292 indetertie

177 1318 305 1383 etquarta
316 1318 343 1365 et
354 1310 477 1382 deinceps
491 1309 606 1382 reliqua:
627 1308 805 1381 omnibusque
818 1325 864 1364 eos
878 1312 973 1366 castris

176 1385 376 1458 expuleruntet.
389 1401 486 1459 magno
493 1399 604 1438 numero
613 1383 753 1449 interiecto,
765 1383 881 1456 reliquos
891 1393 974 1458 atque

178 1463 267 1533 ipsum
288 1460 426 1517 Octavium
446 1461 472 1515 in
493 1473 575 1514 naves
592 1457 731 1533 confugere
747 1468 899 1587 coegerunt.
925 1461 973 1516 llic

155 1540 157 1542 ’
178 1537 228 1592 luit
236 1537 438 1610 oppugnationis
447 1534 544 1590 exitus.
565 1534 788 1606 lamquebiemse
806 1535 972 1606 propinqua·

177 1612 231 1677 bat,
243 1619 276 1677 et,
293 1613 372 1666 tantis
380 1610 543 1664 detrimentis
552 1609 671 1679 acceptis,
687 1607 820 1671 (ictarius¹
834 1607 971 1682 desperata
1022 1601 1023 1678 l

177 1687 372 1760 oppugnatione
378 1683 477 1757 oppidi¹
491 1683 685 1758 Dyrrhachium
698 1699 756 1738 sese
767 1682 801 1738 ad
814 1683 970 1762 Pompeium

179 1769 540 1898 mfff'uomonaravtmos
557 1832 589 1888 L.
604 1829 752 1888 Vibullium
766 1829 875 1896 Rufum,
890 1830 970 1888 Porn-

177 1909 229 1981 peii
243 1908 410 1980 praelectum,
431 1908 474 1964 bis
483 1909 510 1962 in
525 1915 676 1979 potestatem
688 1907 839 1978 pertenisse
851 1905 970 1964 Caesarie

177 1990 256 2053 atque
265 1983 300 2038 ab
308 1999 403 2037 coesse
412 1981 563 2047 dimissum,
574 1981 654 2036 scnrcl
665 1981 698 2036 ad
707 1981 860 2045 Corfinium,
872 1979 965 2035 terum

177 2057 204 2111 ln
217 2057 349 2126 Hispania.
370 2059 446 2111 Hunc
458 2073 506 2129 pro
520 2057 577 2110 suis
593 2056 726 2112 bencllciis
736 2056 831 2111 Caesar
844 2053 966 2110 idoneum

177 2131 344 2190 iudicaverat.
364 2145 444 2202 quem
464 2147 525 2184 cnm
546 2132 676 2185 mandatis
695 2130 728 2186 ad
745 2127 794 2186 cn'.
814 2129 964 2202 Pompeium
1010 2139 1013 2144 '

177 2207 301 2271 mitterem
314 2205 491 2276 eumdemque
499 2203 781 2278 apuan.Pompeium
791 2205 964 2260 auctoritatem

177 2282 273 2337 babere
288 2269 462 2354 intellegebat.
486 2279 549 2334 Erat
563 2287 650 2335 autem
663 2281 726 2335 haec
739 2295 844 2335 samma
859 2279 965 2336 manda-

176 2365 273 2412 torum.
297 2358 387 2410 doben
397 2363 535 2424 atramque
543 2360 704 2423 pertinaciae
717 2359 792 2425 poan
804 2361 891 2424 {acere
903 2357 965 2410 etat

177 2437 260 2487 armis
277 2433 414 2494 decedere,
433 2445 514 2498 aequa
534 2433 646 2498 amplius
662 2435 793 2499 fortunam
807 2433 963 2498 periclitati.-

177 2513 242 2560 satia
252 2523 305 2561 ecca
313 2521 407 2576 moytia
417 2509 545 2573 utrimque
553 2507 712 2558 incommodo
720 2511 834 2571 accepta.
846 2516 964 2571 puoepro

177 2583 317 2648 disciplina
326 2589 351 2633 et
358 2583 503 2647 praeceptis
512 2581 604 2632 babere
611 2585 721 2646 poscent,
732 2585 761 2630 at
769 2579 885 2644 reliquos
893 2593 964 2631 cama

178 2657 303 2708 omrem.
323 2655 492 2708 illumnatio
500 2655 643 2722 opponam,
657 2649 961 2706 monstratae&
