2042 3004
187 163 243 216 '372
420 165 470 210 DE
488 161 610 208 BELLO
630 158 750 205 clvlnr

192 266 309 322 exercitu
329 263 447 321 Caesaris
469 260 601 316 luxuriem
615 257 794 321 cbiiciebenl.
816 258 869 314 oui
894 275 993 331 semper

192 342 282 397 omnia
292 339 325 396 ed
334 337 509 404 necmsorium
519 351 599 390 usum
608 332 762 396 doluissent.
776 334 988 405 Pompeiusien,

164 479 166 484 ¹
192 433 279 490 quum
293 415 360 470 intro
370 411 470 468 vellum
484 410 565 466 nostri
575 416 751 474 versarentur,
769 423 883 480 equum
894 419 987 470 melre

194 489 315 546 detractis
324 487 476 562 insignibus
486 483 666 556 imperatoriis,
678 482 825 538 decumano
838 491 922 554 porto
931 499 988 540 seer

192 565 286 620 cestris
299 563 372 618 eiecit
380 561 553 634 protinusque
563 575 634 630 equo
643 558 722 612 citelo
731 557 875 613 Larissam
890 569 989 616 conten

194 641 241 695 dil.
261 641 352 710 Neque
365 637 403 692 ibi
416 635 540 698 constitit,
558 633 606 688 sed
623 632 714 688 oedem
730 631 879 700 celeritate,
901 650 988 706 pancos

194 731 258 770 suos
269 729 302 767 ex
316 709 377 784 iugc
392 717 492 774 noctus,
511 716 638 763 nocturno
653 707 745 762 itinere
758 723 813 762 non
827 707 986 764 intermisti

194 789 317 843 comitatu
331 785 451 858 equitum
461 784 567 856 triginta
580 781 614 838 ad
627 797 699 836 mere
706 781 829 853 pervenit
842 799 988 854 novemque

194 861 392 918 lrumenteriom
409 858 574 917 conscendit:
595 873 685 928 saepe,
705 855 909 923 uldIcebotur‚
934 873 988 930 que

193 953 264 1000 rens,
284 933 583 1003 lentumsecpinionem
592 930 722 996 fefellisse,
744 938 783 994 ul,
807 947 989 1008 aqucgeoere

194 1009 334 1065 hominum
342 1007 477 1062 victoriam
487 1013 624 1078 sperasset,
641 1005 675 1060 ab
685 1023 724 1071 eo,
737 1005 814 1062 Icilio
824 1005 988 1082 lugneieclo

194 1081 554 1157 poeneproditusvideretur.
831 1081 835 1094 '

249 1157 354 1213 XCVII.
374 1157 477 1223 Comen,
489 1155 698 1228 cestrispolilus‚
715 1153 880 1212 amililibus
889 1165 989 1214 coneo

161 1259 165 1265 ·
195 1233 244 1297 dil,
255 1249 298 1298 ne,
314 1232 342 1288 in
356 1231 451 1304 proedo
464 1231 591 1303 occupati,
608 1230 703 1302 reliqui
718 1230 814 1303 negotii
829 1233 947 1305 gerendi
961 1233 988 1286 Ie·

194 1307 318 1364 cultatem
330 1307 498 1364 dimitterent.
517 1306 576 1374 Oua
588 1323 616 1360 re
624 1305 769 1377 impetrate,
785 1314 913 1362 montem
922 1323 988 1378 opert

195 1383 384 1439 circumvenire
398 1383 520 1438 instituit.
543 1380 705 1452 Pompeiani,
721 1377 831 1451 quodie
847 1397 933 1438 mons
945 1391 987 1436 orel

196 1459 340 1532 ciuesque,
362 1457 477 1514 diffisioi
491 1457 555 1522 loco,
576 1455 665 1510 relicto
674 1463 770 1519 monte,
789 1455 917 1512 universi
928 1457 986 1530 iugis

196 1535 253 1590 sius
265 1533 404 1594 ,Larissam
422 1549 514 1588 versus
533 1549 562 1586 se
580 1532 692 1603 reprero
709 1536 861 1600 coeperunt.
896 1532 956 1600 Qun
968 1549 986 1586 n

197 1609 388 1674 ammadversu,
409 1608 505 1664 Cesset
523 1606 610 1678 copies
629 1623 692 1660 suas
711 1603 812 1669 diuisit,
824 1614 986 1679 partemque

197 1683 331 1758 leglenum
342 1684 368 1736 in
382 1682 474 1737 cestris
482 1680 598 1752 Pompeii
609 1696 743 1735 remanere
752 1678 839 1744 iussit,
852 1691 958 1752 perlem
967 1683 985 1735 in

97 1787 100 1791 ·
197 1766 338 1814 succestru
348 1757 461 1825 remisit,
482 1764 692 1828 quetucrsecum
704 1753 819 1828 legiones
828 1754 914 1812 duxit
926 1775 986 1812 con·

197 1833 366 1904 modioreque
375 1832 465 1887 itinere
475 1831 641 1902 Pompeianis
650 1845 783 1884 occurrere
791 1831 878 1900 coepit
888 1841 926 1898 et,
938 1849 987 1904 pro

197 1925 305 1980 gressus
322 1902 404 1961 millio
418 1923 545 1979 passuum
556 1923 612 1970 sex,
633 1905 715 1960 eciem
726 1904 863 1959 instruxit.
897 1907 957 1974 Que
967 1923 987 1960 re

198 1980 389 2046 animadverso,
413 1981 565 2052 Pompeiani
584 1981 612 2035 in
632 1979 748 2052 quodem
767 1986 858 2034 monte
870 1984 987 2038 consue

198 2063 270 2108 runt.
290 2054 367 2108 Hunc
376 2063 492 2109 montem
500 2054 600 2109 flumen
606 2053 763 2110 subluebel:
777 2052 884 2117 Caesar.
897 2058 987 2113 milites

198 2128 355 2193 cohortatus,
373 2129 421 2183 etsi
431 2131 512 2184 telins
522 2129 574 2182 diei
583 2129 725 2184 continenti
739 2126 827 2182 lubere
839 2140 920 2186 oront
933 2149 987 2188 ccc·
1003 2149 1004 2186 ἢ

198 2203 266 2268 lecti,
287 2219 394 2274 noxque
408 2203 461 2257 ism
474 2203 589 2269 suberat,
610 2211 697 2260 umen
708 2202 856 2258 munitione
869 2203 987 2262 flumem

198 2287 287 2335 monle
305 2275 423 2344 seclusit,
444 2295 477 2333 ne
495 2285 573 2332 noctu
590 2279 684 2350 equari
704 2277 855 2348 Pompeiani
876 2289 987 2352 possenl.

131 2369 135 2376 ·
199 2355 258 2422 Quo
267 2355 320 2416 iem
329 2351 442 2425 perfecto
450 2369 535 2424 opere,
547 2352 586 2406 illi
595 2353 628 2407 de
637 2352 775 2416 deditione,
788 2351 879 2407 missis
889 2353 986 2429 legetis,

200 2446 277 2506 ogero
285 2427 434 2501 coeperunt.
453 2427 533 2482 Pnuci
541 2427 641 2482 ordinis
651 2426 783 2490 senatorii,
792 2426 839 2497 qui
849 2443 952 2485 secum
961 2431 988 2484 ile

200 2503 399 2567 coniunxerant,
412 2509 486 2558 necle
496 2500 560 2573 Iuga
569 2500 681 2555 salutem
690 2501 826 2571 petierunt.

255 2577 371 2632 XCVIII.
385 2576 568 2648 Ccaearprimn
577 2573 635 2630 luce
644 2589 735 2629 omnes
743 2589 795 2638 eos,
808 2571 895 2643 quiin
905 2586 989 2634 monte

201 2649 378 2718 consederant,
395 2667 429 2707 ex
438 2649 618 2723 superioribus
627 2648 693 2704 locis
700 2648 732 2702 in.
738 2646 875 2719 planitiem
885 2648 989 2708 dom
