2078 2996
301 167 372 214 uu.
386 169 428 214 111.
458 168 536 214 cAP.
552 167 644 215 526⁰.
815 163 864 214 ati

69 278 130 327 rant
138 270 206 325 intra
216 268 376 325 munitiones
386 275 449 333 sata,
456 275 662 333 consumserant,
674 274 699 322 et
707 268 866 342 cogebantur

70 348 184 419 Corcyra
195 351 278 416 *atqm
287 344 441 407 Acarnania,
457 342 535 418 longo
548 341 681 396 interiecto
690 343 865 416 navigationis

68 419 164 492 spatio,
175 416 304 490 pabulum
317 425 484 489 supportare:
504 433 612 489 quoque
622 423 676 471 erat
689 418 747 471 eius
763 417 800 471 rei
814 418 865 470 roi·

15 539 16 544 ‡

15 675 16 694 2
68 642 255 717 pabulumque
273 641 399 698 omnibns
419 641 481 696 locis
499 641 648 714 barbaeque
665 640 794 708 &sectam
818 641 865 696 ssd

15 739 16 752 ¹
68 718 151 774 otiam
161 714 260 770 fruetus
271 733 304 770 ex
314 716 452 771 arboribus
462 715 625 780 deficiebant,
643 716 774 789 corruptis
788 717 864 790 equis

70 791 166 856 macie,
175 787 334 846 'conandum
349 791 401 846 sibi
415 790 516 864 aliquid
529 791 671 863 Pompeius
683 792 716 848 de
729 791 864 864 eruptione

70 865 245 923 existimavit.

117 939 197 995 LIX.
217 940 298 996 Erant
315 939 387 1012 apud
404 938 540 995 Caesarem
560 955 594 994 ex
612 940 732 1012 equitnm
753 957 863 996 numero

68 1015 226 1088 Allobroges
238 1012 294 1070 duo
308 1006 408 1078 taus,
430 1013 560 1069 Roucillus
574 1020 599 1068 et
611 1014 708 1090 Augus,
729 1015 863 1072 Adbucilli

69 1090 130 1156 tilii,
146 1089 195 1162 qui
207 1088 384 1161 principatum
397 1088 538 1143 incivitate
552 1087 644 1144 multis
657 1090 734 1145 aunis
743 1090 865 1146 obtinue-

68 1172 120 1231 rat,
140 1163 270 1236 singulari
288 1163 386 1218 virtnta
397 1161 528 1226 homines,
549 1178 664 1233 qnorum
676 1179 755 1236 opera
769 1164 880 1221 Caesar*

70 1237 199 1295 omnibus
208 1237 316 1294 Gallicis
324 1235 402 1292 bellis
414 1237 512 1308 optima
523 1233 717 1312 fortissimaque
726 1247 780 1294 arat
788 1250 862 1294 usus:

70 1313 119 1370 llis
128 1312 200 1368 domi
209 1313 244 1368 ob
254 1312 303 1366 has
309 1327 416 1366 caussas
424 1309 602 1382 amplissimos
610 1313 778 1386 magistratus
789 1331 865 1368 man-

70 1387 179 1444 daverat
194 1393 332 1459 atquoeos
346 1393 418 1440 extra
427 1385 548 1441 ordinem
561 1385 588 1438 in
602 1397 722 1440 senatum
741 1386 864 1460 legendos

69 1469 217 1526 curaverat,
229 1476 359 1534 agrosque
372 1460 399 1514 in
410 1458 495 1515 Gallia
509 1476 543 1514 ex
556 1459 679 1514 hostibus
690 1468 777 1531 captos
791 1478 865 1531 prae-

70 1538 181 1608 miaque
193 1536 232 1592 rei
247 1534 412 1606 pecuniariae
424 1551 521 1608 magna
534 1533 660 1589 bibuerat
673 1533 865 1606 locupletesque

69 1629 106 1667 ex
124 1609 265 1683 egentibus
277 1607 381 1662 ioearat.
409 1607 441 1662 Hi
455 1615 560 1681 propter
573 1608 697 1664 mrtuum
712 1608 865 1686 nouaclum

70 1683 144 1756 apud
154 1683 292 1738 Caesarem
305 1683 333 1736 in
343 1681 441 1738 honore
453 1690 535 1748 erant,
556 1682 693 1738 sedetiam
707 1681 778 1754 apud
792 1699 866 1738 exer

70 1759 156 1813 citum
170 1757 223 1812 cari
238 1756 416 1812 habebantur:
436 1757 484 1812 ssd
495 1756 553 1812 irati
567 1757 680 1813 amicitia
695 1757 821 1823 Caesaris,
841 1766 886 1814 01,

72 1831 154 1888 multa
173 1847 204 1886 ao
223 1830 334 1886 herbera
351 1831 502 1905 adrogantia
518 1829 587 1898 elati,
608 1831 786 1906 despiciebant
803 1849 865 1888 suos

71 1905 290 1980 stipendiumque
298 1905 419 1978 equitum
427 1905 583 1962 fraudabant
592 1913 617 1962 et
626 1907 749 1979 praedam
759 1923 865 1963 mnam

70 1983 183 2038 domum
194 1981 353 2038 eredebant.
373 1980 477 2048 Quibus
491 1981 530 2036 illi
540 1981 619 2037 rebus
628 1983 738 2054 permoti
747 1983 865 2038 universi

71 2059 210 2114 Caesarem
223 2055 345 2114 adierunt
357 2055 499 2128 palamque
512 2055 546 2111 da
566 2073 657 2112 eorum
676 2058 787 2116 iniuriis,
801 2066 866 2114 sunt

72 2132 172 2203 qaaesti;
193 2139 219 2188 el
229 2131 263 2187 ad
272 2139 355 2188 cetera
366 2130 532 2196 addiderunt,
543 2131 641 2188 falsum
649 2132 683 2188 ab
692 2133 735 2188 bis
744 2134 865 2206 equiturn

74 2221 215 2261 numeram
227 2205 331 2272 deferri,
342 2223 457 2280 mmm
467 2206 629 2278 stipendium
639 2215 790 2264 averterent.

129 2279 186 2334 LX.
205 2279 302 2336 Caeam
317 2297 403 2354 neque
420 2289 525 2353 ternpus
543 2281 610 2337 illud
630 2282 866 2352 animadversionis

73 2369 133 2410 esse
142 2353 304 2422 existimans,
319 2361 344 2410 et
352 2355 436 2411 multa
443 2355 536 2412 virtuti
546 2373 637 2412 eorum
645 2356 798 2420 concedens,
810 2371 866 2410 rem

72 2438 155 2485 roam
168 2426 284 2492 distulit;
305 2429 365 2484 illos
383 2438 481 2490 moreto
498 2430 643 2504 castigavit,
664 2429 737 2501 quod
755 2437 867 2500 quaestu

72 2503 177 2576 equites
187 2501 325 2570 morona
345 2501 866 2577 monuitqrre,ntexsoaanricitiaonmia

73 2583 255 2650 amputarent
267 2584 293 2632 et
302 2595 335 2632 ex
344 2581 489 2648 praeteritis
497 2579 555 2634 suis
565 2577 658 2633 ciliciis
667 2576 770 2649 reliqua
779 2593 868 2651 spora-

74 2659 139 2709 rent
159 2653 281 2726 Magnam
293 2659 381 2708 umen
393 2653 458 2710 baec
472 2671 513 2708 res
527 2652 580 2708 illis
589 2652 759 2729 offensionem
773 2661 869 2710 cicon-
