2072 2998
167 178 200 230 86
293 159 297 166 '
371 173 569 222 nnsnnno
589 171 759 220 oannroo

54 321 55 328 ,
167 277 287 345 peremat
306 278 419 346 efflatum
429 278 596 344 ptumttero.
615 273 670 330 lloo
686 290 772 346 quum
790 277 891 350 magna
907 293 977 331 voce

170 349 290 414 dixisset,
311 367 346 406 ex
365 349 427 406 navi
440 365 470 404 sa
482 347 590 420 proieoit
602 355 682 420 atque
699 349 728 403 in
741 348 829 404 bostes
849 350 974 422 aquilam
1024 374 1032 432 g

170 423 237 479 ferre
246 423 339 496 eoepit.
359 423 428 479 Tum
437 422 529 490 nostri,
546 423 672 478 cohortati
681 423 749 478 inter
759 439 796 488 se,
818 441 852 478 ne
864 433 975 480 tantum

171 497 284 554 dedears
302 497 496 565 admitteretur,
522 497 641 554 universi
660 514 694 552 ex
711 498 775 554 navi
788 496 974 556 desiluerunt:

171 572 221 627 bos
239 571 303 626 item
321 571 366 626 alii
384 587 418 627 ex
436 571 566 643 proximis
582 572 697 627 naubus
716 588 802 646 quum
815 576 977 646 oonspexis-

172 653 238 712 sent,
250 645 384 704 subsanati
394 646 515 702 hostibus
524 645 779 718 adpropinquarunt.

226 721 325 777 XXVI.
345 721 497 795 Pugnatum
514 727 553 775 est
571 720 605 775 ab
624 721 745 794 utrisque
758 721 864 789 saritam
886 725 976 780 nostri
1021 786 1024 799 Ι

171 804 270 860 umen,
292 795 364 868 quod
383 812 470 868 neque
490 794 596 850 ordines
613 811 730 859 servare,
752 811 840 868 neque
859 796 977 854 tirmiter

172 870 301 935 insistere,
322 886 409 942 neque
422 871 499 946 signa
512 867 640 941 subsequi
654 876 785 940 poterant,
804 877 888 948 atque
900 871 976 928 alius

171 943 224 1000 elia
238 961 273 1000 ax
285 945 357 1010 navi,
377 944 594 1020 quibuscumque
607 944 691 1017 signis
708 952 862 1010 oecurrerat,
883 963 914 1001 se
923 949 977 1003 ad-

171 1019 307 1092 gregabat,
331 1036 429 1092 magno
446 1035 524 1090 opere
535 1015 768 1090 perturbabantur.
788 1019 879 1074 Hostes
894 1038 973 1088 vero,

172 1092 242 1148 notis
259 1093 385 1148 omnibus
398 1092 484 1157 radis,
507 1093 552 1147 ubi
565 1109 598 1148 ex
612 1092 687 1148 litore
700 1089 804 1164 aliquos
818 1093 975 1168 singulares
1021 1072 1025 1141 i

62 1193 67 1206 '
171 1165 975 1312 tatastat?·⁰⁰lttt⁹‘ttl0tt⁰³tlttltlt⁹t
1023 1194 1027 1243 ³

172 1313 218 1368 alii
228 1314 262 1368 ab
272 1313 350 1368 latere
359 1321 448 1385 aperto
456 1314 484 1370 in
495 1314 878 1384 universostalaooniioiebant.
892 1317 974 1386 Quod

172 1404 258 1459 qurum
272 1387 394 1444 animum
411 1388 565 1446 advertisset
578 1389 682 1457 Caesar,
704 1391 815 1464 soapbas
829 1390 973 1466 longarum

171 1462 297 1528 navium,
318 1461 381 1518 itan
395 1463 566 1536 speculatoria
578 1465 684 1538 navigia
696 1465 827 1522 militibus
843 1468 974 1540 compleri

156 1605 160 1612 „
171 1537 251 1593 iussit
259 1544 293 1604 at,
306 1553 374 1610 qnos
384 1538 529 1596 laborantes
539 1547 715 1610 eonspexerat,
727 1540 762 1594 iis
773 1541 893 1597 subsidia
904 1545 973 1600 sub-

171 1612 299 1668 mittebat.
318 1613 416 1679 Nostri,
437 1614 518 1669 simul
529 1615 558 1670 in
568 1615 641 1669 arido
653 1615 832 1681 eonstiterunt,
844 1617 903 1671 suis
912 1635 973 1673 om-
1020 1653 1022 1665 ,

172 1687 254 1743 nibus
263 1687 418 1754 consecutis,
430 1688 459 1744 in
470 1689 556 1744 bostes
566 1689 695 1760 impetum
705 1688 820 1746 leserunt
834 1697 914 1762 atque
926 1709 973 1748 eos

171 1761 201 1818 in
211 1760 302 1834 lugam
312 1761 453 1830 dederunt3
473 1779 560 1834 nequo
568 1762 675 1838 longius
683 1764 806 1836 prosequi
816 1771 971 1835 potuemnt,
1021 1812 1023 1821 .

172 1835 245 1907 quod
254 1835 356 1906 equites
369 1853 478 1890 onasum
489 1843 577 1892 tenere
588 1845 669 1910 atqua
682 1837 797 1894 insulam
811 1853 904 1910 oapere
917 1858 972 1897 non

171 1916 318 2037 gangrenam.
348 1911 403 1965 Hae
418 1927 505 1966 unum
519 1911 553 1968 ad
565 1913 705 1984 pristinam
718 1911 850 1968 lomunam
864 1913 972 1971 Caesari
1024 1912 1027 1947 ¹

235 1983 264 2036 it.

226 2056 338 2112 XXVII.
359 2057 450 2114 Hostes
459 2059 558 2130 proelio
567 2061 691 2132 superati,
708 2060 882 2133 simulatque
893 2077 924 2117 se
936 2080 973 2119 ex

172 2129 236 2202 luga
253 2140 414 2201 reoeperunt,
435 2134 524 2188 statim
542 2134 577 2189 ad
590 2134 726 2190 Caesarem
748 2134 845 2208 legatos
858 2135 893 2190 de
905 2153 973 2208 paoe
1021 2086 1026 2215 Ι

171 2203 315 2260 miserunt:
335 2204 441 2262 obsides
454 2207 571 2274 daturos,
585 2225 708 2281 quaeque
727 2209 889 2282 imperasset,
913 2229 974 2267 sese
1025 2244 1029 2259 ·

171 2278 295 2345 facturos,
306 2278 416 2352 polliciti
425 2289 496 2337 sunt
515 2282 573 2338 Una
592 2299 655 2338 oum
668 2283 712 2338 bis
726 2283 818 2357 legatis
830 2283 974 2342 Commius

172 2353 283 2412 Atrebas
292 2355 373 2421 venit,
395 2373 475 2427 quam
489 2373 570 2429 supra
581 2356 822 2413 demonstraveram
834 2357 975 2416 aCaesare

171 2430 202 2486 in
213 2429 565 2502 Britanniampraemissum.
585 2432 662 2486 Hunc
671 2430 735 2486 illie
747 2432 810 2488 nari
820 2449 971 2506 egressum

172 2521 259 2575 Qum
278 2504 312 2560 ad
330 2521 374 2560 eos
384 2505 493 2560 oratoris
503 2505 583 2561 modo
596 2505 760 2577 imperatoris
775 2505 900 2564 mandata
910 2525 976 2580 pen-

172 2577 258 2642 lerret,
277 2579 527 2650 comprehenderant
536 2587 615 2653 atque
629 2580 658 2638 in
672 2580 780 2636 vincula
792 2581 973 2640 coniecerant:

172 2659 240 2717 tum,
261 2651 360 2724 proelio
370 2653 446 2720 laeto,
466 2655 625 2712 remiserant
639 2662 666 2710 et
678 2655 707 2712 in
719 2655 977 2729 pemndapaoaeius
