2078 2996
255 169 259 176 ’
319 197 434 242 trun.
464 196 599 242 caree.
658 155 661 170 ¹
804 194 858 266 att¹

2 329 11 366 ,
64 295 182 366 primum
191 293 226 348 sit
234 291 293 348 data
302 301 423 366 potestas,
439 295 537 366 proelio
551 313 606 350 rem
616 297 785 353 committere.
805 300 856 355 Po-

2 404 11 456 !
64 379 134 424 staro
143 368 185 423 die
196 368 345 439 productos,
361 369 451 424 eodem
461 369 524 436 loco,
541 387 595 442 quo
608 372 787 444 superioribus
800 374 855 429 die-

2 479 10 516 ,
64 443 117 498 bna
126 443 282 507 constiterat,
298 443 324 498 in
335 445 388 498 acie
401 443 522 502 collocat:
543 463 576 500 ne
589 446 673 500 Varus
687 447 794 518 quidem
808 449 856 502 At·

64 518 118 573 tius
130 517 234 572 dubitat
247 517 333 588 copias
347 519 495 588 producere,
513 519 570 574 sive
579 519 735 576 sollicitandi
747 521 852 595 milites,

2 631 9 650 .
63 594 122 648 sive
131 608 215 663 aequo
224 590 280 647 loco
291 591 435 648 dimicandi
448 593 523 648 detur
535 595 644 661 occasio,
662 613 696 650 ne
708 594 855 652 facultatem

63 665 258 739 praetermittat.

120 740 245 796 XXXIV.
265 741 327 796 Erat
340 740 415 797 vallis
429 741 496 798 inter
506 742 572 798 duas
582 743 659 808 acies,
678 750 708 798 ut
719 762 799 816 supra
808 745 856 800 de-

3 859 7 888 q
65 821 240 872 monstratum
250 823 296 882 ast,
312 833 365 872 non
376 817 410 870 ita
419 835 524 891 magna,
540 826 566 872 et
574 817 674 874 difficili
684 826 709 873 et
717 819 799 876 arduo
808 820 856 874 ad-

64 905 172 944 scensu.
191 890 263 944 llanc
271 898 379 963 uterque
388 892 412 945 ai
421 891 628 949 adversariorum
642 894 731 964 copiae
744 895 855 950 transire

64 970 229 1030 conarentur,
251 965 423 1038 exspectabat.
445 984 500 1039 quo
515 967 635 1040 aequiore
653 967 708 1023 loco
726 969 854 1040 proelium

49 1047 52 1056 ’
63 1039 245 1095 committeret.
266 1039 350 1095 Simul
360 1040 393 1094 ab
402 1040 508 1096 sinistro
516 1059 597 1097 cornu
609 1043 639 1096 P.
649 1041 712 1098 Attii
721 1045 854 1117 equitatus

62 1114 161 1179 omnia,
185 1119 210 1170 et
230 1131 283 1169 una
303 1113 368 1169 levis
389 1123 534 1170 armaturae
552 1116 676 1170 interiecti
695 1118 851 1191 complures,

62 1206 150 1262 quum
166 1204 197 1243 se
208 1188 236 1244 iu
249 1187 345 1244 vallem
359 1187 531 1255 demitterent,
550 1191 730 1246 cernebantur.
754 1192 795 1247 ld
809 1211 853 1248 eos

64 1263 146 1320 Curio
155 1263 342 1334 equitatum,et
350 1261 416 1316 duas
423 1264 628 1319 Marrucinorum
638 1264 750 1322 cohortis
759 1268 853 1323 mittit:

3 1389 5 1398 ,
64 1355 180 1410 quorum
193 1338 310 1410 primum
324 1337 451 1407 impetum
466 1339 566 1410 equites
583 1338 697 1393 hostium
717 1357 768 1396 non
787 1341 852 1396 tule-

63 1420 136 1477 runt,
157 1413 213 1478 sed,
233 1410 450 1482 admissis‘equia
470 1411 504 1466 ad
515 1429 577 1466 auos
588 1411 751 1486 refugerunt:
773 1414 853 1469 relicti

63 1487 160 1552 abhis,
177 1486 224 1558 qui
234 1503 287 1540 una
296 1493 485 1556 procurrerant,
505 1483 571 1540 levio
581 1493 726 1541 armaturae
742 1486 860 1548 circum-v

62 1561 238 1618 veniebantur
249 1567 327 1630 atque
339 1559 559 1614 interficiebantur
567 1559 600 1614 ab
610 1559 714 1614 nostrie.
734 1561 790 1616 lluc
803 1569 855 1620 tota

62 1635 126 1691 Vari
136 1650 262 1689 conversa
271 1633 338 1688 acies
347 1649 409 1687 enee
419 1631 508 1707 fugere
517 1641 542 1688 et
550 1633 649 1690 concidi
659 1634 772 1690 videbat.
786 1637 855 1690 Tum

62 1708 184 1774 Rebilus,
196 1706 296 1780 legatus
308 1705 434 1774 Caesaris,
450 1725 530 1779 quem
540 1707 618 1764 Curio
627 1725 716 1764 mum
725 1727 758 1765 ex
767 1709 854 1766 Sicilia

62 1781 264 1852 duxerat‚qnod
273 1797 399 1855 magnum
409 1782 503 1838 habere
512 1800 591 1838 usum
600 1783 627 1837 in
637 1801 666 1838 re
674 1782 780 1838 militari
790 1786 855 1840 scie-

61 1860 117 1923 hat,
130 1858 308 1919 Perterrltum,
320 1857 415 1928 inquit,
429 1860 522 1912 beatem
530 1862 609 1921 videa,
623 1857 716 1914 Carrio:
735 1865 797 1928 quid
806 1865 855 1916 du-

63 1937 133 1989 bitna
145 1937 186 1988 att
199 1936 319 2000 emporia
336 1929 543 2000 opportunitate?
564 1930 611 1987 llle
623 1949 707 1988 unum
727 1933 858 2012 elocutus„

61 2018 92 2063 ut
100 2011 223 2074 munerun
234 2015 346 2062 tenerent
359 2009 452 2062 militae
465 2024 505 2071 eo,
518 2024 584 2077 quoe
596 2012 681 2075 pridie
693 2012 743 2065 eibi
760 2014 854 2080 confir-

61 2091 182 2146 moereat,
188 2077 263 2154 sequi
272 2099 330 2137 sese
339 2081 412 2135 iubet
420 2089 445 2136 et
453 2081 595 2152 praecurrit
601 2091 765 2140 anteomnee:
777 2085 855 2140 auleo-

63 2164 179 2228 quaerat
188 2156 310 2228 impedita
320 2154 407 2224 vallis,
423 2164 454 2212 ut
467 2157 495 2212 in
504 2155 640 2222 artemam,
661 2159 713 2214 nisi
725 2159 854 2216 sublevati

63 2249 79 2286 a
94 2230 161 2294 suis,
177 2231 255 2301 primi
269 2249 321 2286 non
336 2230 410 2286 facile
423 2231 592 2287 eniterentur.
616 2232 667 2288 Sed
681 2251 854 2305 praeoccupa-

4 2353 8 2362 .
62 2312 108 2360 tus
120 2304 225 2358 animus
235 2305 397 2361 Attianorum
408 2305 523 2361 militum
533 2306 625 2362 timore
634 2316 659 2362 et
670 2307 733 2381 luga
742 2317 767 2363 et
776 2305 854 2362 caede

62 2395 184 2443 suorum,
205 2378 271 2433 nihil
288 2379 321 2434 de
334 2381 476 2436 resistendo
488 2381 625 2454 cogitabat,
645 2399 788 2453 omnesque
801 2381 854 2434 iam

63 2473 93 2511 se
101 2454 136 2510 ab
144 2453 263 2526 equitatu
275 2454 458 2514 circumveniri
472 2456 673 2524 qrbitrabantur.
697 2456 788 2527 ltaque
800 2455 855 2526 pri-

61 2548 105 2593 us,
120 2545 204 2602 qnam
217 2526 299 2582 telum
316 2528 393 2583 adiici
411 2536 506 2602 posset,
527 2538 573 2586 aut
590 2528 672 2585 nostri
688 2529 797 2602 propius
812 2545 855 2584 ao-

61 2604 190 2670 oederent.
211 2601 299 2660 omnis
312 2603 372 2676 llari
385 2604 453 2678 aclea
466 2612 538 2680 terga
550 2603 627 2661 vertit
641 2620 721 2676 sequa
734 2605 761 2660 in
771 2611 854 2660 castra

63 2680 165 2753 recepit
734 2719 739 2724 ·

554 2743 781 2828 'oa‘
