2072 2998
166 111 215 166 220
375 115 424 159 nu
444 89 567 162 anino
589 116 758 164 cnnnrco

166 215 294 282 eundum,
315 215 403 286 copias
417 214 619 270 transduxisset.
647 215 761 282 Fabius,
782 215 833 270 etsi
848 217 971 272 nondum

166 291 195 346 iu
204 297 373 362 conspectum
384 297 488 344 venerat
499 289 629 357 hostibus,
650 307 737 361 neque
745 306 774 345 se
782 307 846 344 cum
858 291 972 346 Caninio

166 366 347 429 coniunxerat,
360 372 447 420 tamen
458 363 549 419 doctus
559 364 592 418 ab
603 365 645 429 iis,
653 366 701 435 qui
711 364 828 425 locorum
841 377 971 420 noverant

166 447 299 505 nanuum,
319 439 488 512 potissImum
502 438 620 504 credidit,
644 439 732 507 hostes
745 439 971 511 perterritoseunr

167 514 265 581 locum,
277 531 358 587 quem
372 513 483 586 petebat,
495 513 632 584 petituros.
652 514 744 584 ltaque
758 530 821 568 cum
836 514 923 584 copiis
938 515 971 568 ad

167 588 291 645 eumdem
300 596 407 662 pontem
416 587 557 652 contendit,
575 587 775 660 equitatumque
788 594 896 643 tautum
909 606 972 660 prc-

167 663 259 719 cedara
269 671 329 717 ante
341 679 435 736 agmen
451 662 561 733 imperat
573 661 718 736 legionum,
738 669 873 735 quantum
882 680 971 734 quum

167 737 345 812 processisset,
367 737 426 792 sine
441 735 627 809 defatigatione
635 753 771 808 equorum
784 736 813 792 iu
829 737 924 792 eudem
943 755 972 792 sc

168 813 292 884 reciperet
307 817 401 864 castra.
422 811 627 882 consequuntur
641 810 743 882 equites
756 811 849 875 nostri,
872 819 972 866 uteret

166 892 344 960 praeceptum,
357 883 540 956 invaduntque
550 885 679 940 Dumnaci
687 902 782 959 agmen
791 892 826 952 et,
837 884 971 960 fugientes

167 960 370 1032 perterritosque
384 958 436 1013 sub
450 959 562 1016 sarcinis
576 959 604 1016 in
615 959 708 1016 itinera
722 959 850 1034 adgressi,
871 977 971 1035 magna
1020 1003 1021 1034 ,

166 1033 273 1108 praeda,
285 1032 377 1089 multia
387 1031 537 1100 interiectis,
548 1034 696 1106 potiuntur.
716 1035 968 1109 Itaacbeuergesta,
1020 1087 1021 1090 ,

168 1107 475 1179 sarepriuntincastra.
682 1125 685 1130 ¹
873 1172 878 1182 1
1020 1167 1021 1170 ,

223 1183 347 1239 XXVIII.
365 1181 518 1254 Insequenti
529 1190 604 1240 nocte
617 1185 718 1242 Fabius
731 1185 833 1258 equites
843 1185 971 1256 praemit-

168 1258 208 1323 tit,
220 1258 259 1313 sic
270 1264 384 1330 paratos,
404 1265 435 1314 ut
443 1257 613 1333 conffigereut
621 1267 700 1334 atque
713 1277 791 1317 omne
800 1277 896 1334 agmen
909 1277 971 1314 mc-
1020 1299 1021 1306 ι

169 1341 299 1399 rareutur,
312 1331 379 1390 dum
388 1341 591 1406 consequeretur
601 1334 668 1406 ipse.
688 1335 772 1392 Cuius
781 1335 928 1407 praeceptis
939 1343 969 1389 ut

169 1426 210 1464 res
220 1415 361 1484 gereretur,
374 1407 407 1476 Q.
420 1408 498 1464 Atius
507 1409 603 1475 Varus,
615 1408 759 1481 praefactus
768 1410 901 1482 equitum,
913 1410 970 1464 sin-

169 1483 270 1559 gularis
280 1491 306 1540 et
314 1484 398 1540 anImi
407 1491 433 1539 et
441 1482 971 1559 prudentiaerir,suoshortatur,agmen·
1020 1545 1021 1552 χ

169 1578 222 1632 quc
237 1559 355 1616 hostium
366 1565 532 1624 consecutus,
553 1564 656 1614 turmas
673 1559 770 1632 partim
784 1558 887 1614 idoneis
906 1559 970 1615 Iocis
1020 1557 1021 1630 i

169 1635 296 1707 disponit,
306 1635 403 1707 partim
412 1634 533 1706 equitum
542 1633 673 1705 proelium
683 1633 832 1690 committit.
843 1633 970 1690 Consistit
1020 1635 1021 1664 r

170 1709 297 1768 audactus
310 1710 442 1781 equitatus
452 1708 579 1775 hostium,
595 1707 797 1765 succedentibus
808 1707 861 1763 sibi
875 1708 970 1780 pediti-
1020 1697 1021 1766 i

170 1784 232 1850 bus,
246 1783 304 1856 qui,
324 1791 376 1840 toto
385 1782 492 1858 agmine
501 1783 684 1849 subsistentes,
695 1781 831 1855 equitibus
840 1783 900 1839 suis
908 1801 970 1839 con-

169 1867 209 1913 tra
219 1864 321 1913 nostros
331 1858 418 1914 ierunt
427 1858 567 1914 auxilium.
587 1858 630 1914 Fit
647 1857 777 1930 proelium
787 1857 841 1913 acri
850 1859 970 1914 certami-

170 1949 216 1988 uc:
238 1949 355 2004 namquo
364 1931 690 2006 nostri,contemtispridie
697 1932 828 2004 superatis
837 1932 967 1998 hostibus,

171 2022 257 2076 quum
267 2005 396 2076 subsequi
406 2007 523 2084 legiones
533 2007 724 2073 meminissent,
732 2013 757 2062 et
765 2005 868 2078 pudore
876 2007 969 2063 ceden-

171 2078 208 2142 di,
218 2085 255 2144 et
272 2079 414 2150 cupiditate
431 2098 479 2152 per
496 2099 525 2136 se
537 2081 693 2138 conficiendi
705 2079 807 2153 pmeliI,
829 2080 970 2155 fortissime
1020 2137 1021 2144 ,

171 2159 260 2208 contra
270 2152 371 2224 pedites
381 2153 590 2224 proeliabantur3
611 2157 761 2228 hostesque,
776 2154 845 2211 nihil
854 2156 970 2229 amplius
1020 2171 1021 2174 ’

171 2228 306 2301 copiarum
326 2244 495 2284 accessurum
512 2229 658 2296 medentes,
688 2238 718 2285 ut
737 2229 825 2302 pridie
841 2248 970 2306 cognove-

172 2311 240 2370 rant,
262 2301 368 2359 delendi
387 2302 519 2376 equitatus
538 2305 621 2360 nostri
635 2306 705 2360 nacti
719 2305 883 2362 occasionem
899 2307 970 2363 vide

172 2381 279 2436 bantur.

227 2454 330 2510 XXIX.
366 2452 457 2522 Quum
487 2451 653 2526 aliquamdiu
675 2471 782 2511 summa
809 2455 971 2512 mutentiono

173 2529 352 2595 dimicaretur,
369 2531 521 2592 Dumnacus
532 2529 639 2584 instruit
648 2529 740 2595 aciem,
759 2546 828 2602 quae
838 2531 896 2586 suis
906 2539 971 2586 esset

177 2604 309 2676 quiribus
323 2605 351 2660 iu
372 2605 455 2662 vicem
474 2603 614 2678 praesidio.
636 2605 705 2658 Tum
723 2612 828 2676 repente
846 2605 972 2662 confertae
