2072 2998
157 163 206 217 i82
363 169 413 215 Du
431 168 556 216 BELLO
576 170 748 220 Gauulco

153 268 302 324 dimiserat.
321 267 399 334 Nam,
412 275 609 325 utoommutato
617 269 727 326 oonsilio
740 271 790 324 iter
802 269 830 324 ia
845 273 956 341 prosiu-

154 343 224 398 oiam
233 349 401 407 materteras,
416 341 444 397 id
457 359 535 397 namo
543 351 608 399 tuno
619 345 728 418 quidem
738 345 884 400 rreoessario
892 345 957 400 iaoi-

155 416 447 482 undumexistimabat‚
463 421 554 488 ‘quum
572 419 644 490 quod
659 417 769 474 infamia
786 426 865 490 atque
884 420 956 474 indi-

155 491 244 565 gnitas
254 491 330 562 raiot
343 491 478 563 oppositus
491 509 569 546 mons
578 491 700 548 Cevenna
711 492 870 564 viarumque
882 493 959 550 diiii-

156 566 240 621 oultas
250 565 419 639 impediebat,
429 573 486 620 tum
496 567 622 632 maxime,
632 566 833 638 quodabiuuoto
839 567 957 624 Labieno

156 649 236 712 atqua
253 640 288 695 iis
308 639 467 713 legionibus,
487 657 555 712 quas
572 641 764 706 ammiserat,
785 641 956 698 vehementer

156 715 275 770 timebat.
305 714 404 786 itaque,
421 713 565 773 admodum
578 715 683 788 magnis
695 713 799 770 diurnis
814 723 895 788 atque
908 733 957 772 uo-

156 788 258 844 otumis
270 787 409 842 itineribus
418 787 550 854 mosomio,
564 797 656 844 matra
667 789 789 845 omnium
802 790 956 861 opinionem

156 863 191 918 ad
203 861 318 934 Ligerim
328 862 460 932 perventu
482 863 603 934 vadoque
611 880 658 935 per
666 863 767 936 equitas
778 865 896 934 invento,
909 881 957 938 pro

156 937 195 991 rei
205 935 357 990 sesessitata
365 943 521 1008 opportuno,
528 945 558 992 ut
563 937 752 994 brachiamodo
761 945 841 1010 atque
849 938 956 996 humeri

156 1009 191 1065 ad
200 1008 354 1065 sustinenda
363 1027 436 1064 arma
449 1008 525 1065 liberi
539 1011 575 1066 ab
587 1028 657 1084 aqua
670 1027 728 1066 esse
736 1019 853 1084 possent,
864 1013 957 1087 dispo·

156 1085 207 1140 sito
216 1083 345 1156 equitatu,
360 1083 409 1156 qui
418 1083 475 1140 vim
484 1083 604 1141 fluminis
614 1084 693 1142 reirin
728 1087 958 1159 ret‚atquahosti·

155 1158 208 1214 bus
219 1157 307 1228 primo
319 1157 443 1230 adspectu
452 1159 620 1230 perturbatis,
641 1161 651 1214 i
711 1177 800 1216 umam
810 1161 957 1219 examitum

155 1231 321 1287 transduxit:
340 1231 557 1306 frumentumque
570 1235 598 1290 iu
617 1235 687 1308 agris
700 1242 726 1289 et
738 1235 838 1306 peooris
852 1238 957 1308 copiam

156 1313 259 1372 neotus,
275 1306 372 1380 repleto
381 1307 415 1364 iis
423 1307 503 1364 robus
512 1309 636 1376 exsuita,
653 1308 863 1368 torinsmonas
873 1309 958 1368 iaeare

156 1380 282 1442 instituit.
909 1419 915 1426 -

211 1457 291 1514 tvu.
311 1457 379 1518 Dum
389 1456 670 1529 hamamrdCaesarem
676 1457 814 1530 geruntur,
821 1457 959 1517 Labienus

157 1547 187 1586 ao
197 1531 390 1604 supplemento,
412 1533 484 1605 quod
498 1548 582 1602 nuper
597 1549 631 1587 ex
645 1531 717 1586 italia
731 1541 846 1598 venerat,
868 1533 959 1592 relicto

156 1605 332 1678 Agaudiai‚ut
340 1615 408 1662 esset
417 1606 613 1678 impedimentis
623 1604 762 1676 praesidio,
769 1617 831 1660 euin
841 1617 958 1679 quatuor

151 1677 307 1754 ,legionibus
321 1682 451 1744 Lutetiam
465 1681 648 1752 proficiscitur.
669 1679 699 1735 id
713 1687 752 1734 ast
766 1680 897 1752 oppidum
909 1686 959 1738 Pa·

156 1756 292 1820 maiorum,
308 1756 425 1826 positum
438 1754 466 1808 iu
481 1753 568 1809 iasuia
577 1753 697 1809 fluminis
706 1753 851 1826 Sequanae.
871 1756 958 1814 Cuius

156 1829 272 1884 adventu
281 1829 315 1883 ab
324 1829 445 1883 hostibus
455 1828 568 1902 oognito,
585 1835 697 1902 magnae
710 1845 743 1884 ex
756 1829 879 1884 finitimis
892 1833 959 1887 oiri-

156 1903 256 1956 tatibus
264 1903 549 1974 oopiaeoonvenorunt.
569 1903 680 1958 Summa
693 1903 796 1975 imperii
806 1906 959 1962 transditur

103 2019 110 2024 .
157 1974 459 2048 Camulogeuodulerom
471 1977 528 2048 qui,
535 1993 617 2050 prope
625 1976 757 2033 eonieotus
766 1985 857 2044 aetate,
868 1987 958 2037 tamen

155 2056 262 2122 propter
275 2048 438 2122 singularem
452 2051 587 2107 mendam
601 2051 639 2106 rei
651 2051 775 2107 militaris
788 2051 901 2110 adeum
919 2064 959 2111 ost

156 2125 284 2178 honorem
293 2131 426 2179 evomtus.
447 2126 473 2180 is
486 2140 573 2198 quum
586 2126 882 2196 animumanimum,
897 2145 959 2202 par-

155 2205 264 2270 patuam
273 2213 331 2252 esse
339 2197 549 2272 paludem‚quae
559 2200 678 2257 influeret
685 2201 713 2256 in
718 2200 869 2272 Sequanam
879 2210 960 2277 atqua

156 2273 234 2329 ilium
244 2287 351 2328 omnem
364 2271 450 2329 iooum
460 2291 619 2349 magnopere
628 2275 775 2347 impediret,
787 2275 833 2331 hio
840 2279 960 2335 eomedit

157 2355 314 2420 nostrosque
323 2348 436 2404 transitu
445 2349 584 2421 prohibere
593 2349 717 2404 instituit.

212 2423 302 2495 Ltuu.
323 2422 454 2479 Labienus
464 2424 550 2495 primo
559 2423 650 2480 vineas
660 2439 745 2497 agere,
754 2424 872 2480 statibus
879 2437 960 2500 atque

157 2513 253 2571 aggere
265 2496 390 2569 paludem
404 2497 509 2570 explere
527 2503 606 2570 atque
623 2497 672 2552 iter
685 2497 790 2552 munire
802 2501 958 2557 sanabatur.

156 2573 302 2642 Postquam
315 2571 342 2628 id
357 2571 609 2628 diificiiiusoonfieri
619 2571 813 2638 animadvortit,
830 2573 960 2631 silentioe

163 2643 250 2704 nstris
259 2647 334 2721 captia
342 2647 435 2722 vigilia
448 2663 580 2724 agressus.
597 2645 701 2713 eodem
715 2661 772 2719 quo
783 2658 903 2716 venerat,
915 2651 959 2706 iti·
