2072 2998
211 118 214 122 ’
275 154 418 204 amun.
446 156 641 205 camaena.
805 159 853 212 roc

61 256 116 310 viru
129 262 212 328 atquc
225 254 261 310 ad
274 271 348 311 arma
362 254 535 322 descenderet,
554 264 632 330 atqua
649 275 678 314 ea
697 277 773 331 pars,
786 279 855 335 qnae

63 331 149 386 miuus
161 329 217 386 sibi
227 329 378 396 confideret,
393 330 491 388 auxilie
501 349 516 386 a
526 331 735 407 Vercingetorige
744 351 854 393 arcesse-

63 413 106 470 ret,
118 404 183 461 huic
196 405 236 459 rei
245 405 464 475 praevertendum
472 405 645 464 existirnavit:
666 416 692 464 et
704 409 777 480 quod
790 409 854 485 legi·

62 480 110 536 bus
117 479 277 536 Aeduorum
285 478 339 544 his,
354 480 402 552 qui
412 498 549 536 summm
562 482 745 556 magistratum
753 483 855 540 obtine-

60 563 125 620 rent,
141 553 269 610 excedere
278 570 313 610 ex
326 552 425 610 linibus
436 572 489 610 non
504 555 597 622 licerer,
618 574 651 612 ne
669 557 735 629 quid
753 558 786 614 de
798 560 856 616 iure

60 638 105 685 aut
121 629 156 684 de
172 628 280 702 legibus
296 644 389 684 eorum
407 629 569 685 deminuisse
584 630 729 698 videretur,
751 633 808 706 ipse
826 636 855 690 in
964 667 969 682 ,

61 703 165 760 Aeduos
174 701 307 775 proficisci
318 704 418 768 statuit,
437 712 610 776 senatumque
618 724 733 772 omnem,
753 715 855 780 etquos

62 779 128 834 inter
135 777 314 834 mnnoversia
325 787 401 842 esset,
412 778 446 833 ad
454 796 483 834 se
491 780 618 834 Decetiam
627 782 753 837 evocavit.
764 782 855 850 Quum

61 852 240 926 pmpeomnis
251 852 561 919 civitaseooonveniseet‚
577 853 771 929 docereturque,
788 874 855 930 peu·

60 929 97 984 cis
106 927 177 984 clam
187 926 346 986 convocatis.
358 923 407 982 alio
415 926 479 993 loco,
496 927 547 982 alio
556 936 678 1001 tompore,
690 939 769 1004 atque
777 949 855 1005 opor·

60 1003 148 1069 tuerit,
165 1001 275 1057 fratrem
289 1019 305 1056 a
321 999 399 1058 traua
408 1003 598 1068 renunciatum,
624 1021 707 1076 quum
724 1005 855 1093 legesduo

60 1095 93 1132 eu
106 1094 162 1132 une
176 1069 289 1141 familie,
311 1075 500 1148 vivcutrcque,
521 1091 572 1132 non
588 1077 673 1134 solum
687 1089 854 1154 magistratus

60 1152 143 1208 creari
155 1157 285 1215 veterent,
308 1149 355 1204 sed
368 1148 446 1206 etiam
461 1151 494 1206 in-
502 1159 594 1207 senatu
602 1170 661 1208 esse
672 1155 852 1225 prohiberent:

62 1226 157 1282 Cotum
177 1223 322 1297 imperium
343 1224 470 1296 deponere
486 1227 582 1299 onegit3
613 1226 852 1296 Conuictolitauem,

61 1301 110 1373 qui
120 1317 168 1372 par
177 1297 334 1362 secerdotes,
349 1315 421 1356 more
429 1300 542 1355 civitatis
551 1301 707 1356 intromissis
717 1305 855 1378 magistra-

61 1376 143 1439 tibus,
154 1381 223 1430 esset
232 1380 343 1438 creatus,
355 1381 506 1443 potestatem
516 1373 632 1429 obtinere
642 1376 725 1431 iussit.

116 1448 244 1504 XXXIV.
264 1447 319 1504 lloc
335 1447 436 1504 decreto
456 1448 616 1519 interposito,
637 1450 784 1506 cohortatus
803 1458 854 1507 Aa·

63 1523 139 1588 duos,
146 1522 418 1580 utcontrcversiarum
428 1539 459 1578 ae
466 1522 661 1578 dissensionum
670 1525 855 1580 oblivisceren-

62 1608 106 1654 tur
115 1607 203 1670 atque,
215 1596 343 1652 omnibus
351 1597 457 1654 omissis
466 1597 508 1652 bis
517 1595 606 1660 rebus,
624 1597 761 1652 bulcbsllo
771 1601 855 1654 eorvi-

64 1682 131 1738 rent,
150 1689 241 1745 euque,
263 1688 332 1743 quae
340 1672 505 1736 meruissent,
526 1672 684 1742 praeminnb
697 1689 733 1740 se,
754 1672 854 1729 demota

66 1745 160 1811 Gallia,
171 1753 359 1818 exspectarent,
371 1746 569 1818 equitatumque
582 1763 687 1801 omnem
699 1754 726 1802 ot
736 1747 854 1819 pediturn

67 1819 148 1875 millia
158 1821 181 1876 X
190 1821 243 1876 sibi
258 1819 373 1876 celeriter
386 1821 524 1884 mitterent,
544 1838 613 1894 quac
626 1821 653 1876 ln
665 1822 803 1893 praesidiis
816 1825 853 1880 rei

65 1893 248 1952 frumentariae
258 1911 350 1950 caussa
360 1894 515 1966 disquaeret,
530 1897 671 1951 exercitum
681 1898 708 1952 in
718 1897 785 1953 duee
795 1915 855 1970 par-

65 1971 215 2038 tesdivisit;
238 1970 272 2024 lV
283 1967 399 2042 legiones
408 1970 434 2025 in
444 1968 557 2024 Senones
567 1971 732 2044 l‘ariiosque
740 1973 854 2030 Labieno

64 2046 195 2102 ducendas
207 2043 294 2109 dedit;
306 2043 340 2098 Vl
345 2043 434 2114 ipsein
439 2043 577 2110 Arvernos,
585 2045 748 2118 adoppidum
755 2047 852 2124 Gergo-

65 2117 290 2176 vlemsecundum
300 2115 399 2174 llumen
406 2116 597 2174 Elaverduxit:
612 2122 743 2192 equitatus
753 2133 853 2195 purtem

66 2194 103 2250 ilb
110 2194 246 2260 adtribuit,
258 2199 360 2265 partem
369 2192 421 2248 sibi
430 2191 544 2264 reliquit.
563 2194 620 2261 Qua
629 2213 657 2251 re
665 2199 778 2271 cognita,
790 2199 855 2253 Ver·

67 2269 216 2344 cingetorix,
230 2266 357 2323 omnibus
367 2267 516 2338 interruptis
525 2268 582 2324 eius
591 2269 709 2326 fluminis
718 2270 852 2343 pontibus,

66 2343 183 2402 abnltem
193 2341 315 2398 Elaveris
324 2348 396 2412 parte
405 2340 454 2396 iter
464 2341 645 2416 locerecoepit.

115 2417 231 2476 XXXV.
252 2415 343 2482 Qum
361 2423 470 2486 uterque
487 2418 592 2489 utrique
604 2425 672 2473 esset
684 2417 813 2472 exercitus
826 2418 854 2473 ln

65 2501 202 2567 conspectu
214 2489 322 2562 saraque
336 2506 352 2545 e
368 2489 473 2562 regione
486 2501 569 2548 castre
582 2499 696 2564 poneret,
721 2491 854 2562 dispositis

65 2566 287 2641 exploratoribus,
318 2564 413 2620 necubi
433 2563 522 2620 ellectu
539 2574 616 2638 ponte
633 2565 743 2619 Romani
766 2566 854 2636 copies

64 2638 366 2707 transducerenteratin
376 2639 479 2716 magnis
489 2639 591 2696 Caesari
600 2637 852 2704 difficultatibusres,
