2064 2996
187 117 204 172 t
390 122 441 166 ua
464 123 587 168 anano
611 89 800 185 caturco*

189 216 382 268 eaprturveromto.
397 221 464 256 :te-41.
474 219 546 268 Ingena
555 218 664 270 trepidatio
672 218 696 258 in
705 219 775 258 crrtrir
784 221 930 269 Romanorum
941 237 982 261 urr-

186 281 217 319 tio
228 278 317 319 Cucurrit
326 281 352 320 nd
359 280 447 330 militen
463 282 509 320 iter.
525 285 593 320 4246.
608 281 733 333 conoquium
748 283 837 321 caenam
850 290 871 322 et
883 285 985 324 Ariovisti

138 343 140 346 ’
187 345 265 395 impetu
274 345 418 382 Germanorum
426 332 541 384 diremtum.
560 349 591 384 47.
602 345 670 392 Galli,
689 343 751 395 petito
765 359 816 384 novo
829 348 942 398 oolioquio,
960 351 985 386 ed

187 407 314 448 Ariovistum
322 407 390 456 mirri3
407 407 518 448 invinent·
528 407 621 446 eouieeti.
641 411 672 447 48.
684 408 787 448 Proelium
799 421 844 448 eum
857 411 938 450 aurumi·
952 425 985 451 eo-
1000 418 1005 430 ’

188 471 229 522 pii·
237 471 261 509 rh
269 469 374 510 Ariovisto
387 469 494 517 atitetumr
506 478 597 522 arpaertro
612 479 718 513 certamen.
737 475 769 510 49,
782 475 813 512 50.
824 474 872 512 Duo
885 476 985 513 unstruth
1017 517 1018 522 ¹

187 533 358 580 Remaniriretat
377 535 477 572 minorum
491 533 625 586 oppugmtiet
642 547 709 574 etuas·
726 535 830 576 detrectari
843 535 868 574 ab
880 537 986 576 Ariovisto
1017 529 1018 600 i

188 597 261 649 proelii
273 597 417 638 contemnitur
426 597 497 648 eopiia.
519 599 590 636 er-at.
605 599 660 638 Galli
673 598 734 648 legati
746 598 822 648 erepti;
838 597 922 636 hiberna
936 603 985 638 Cre·
1017 603 1018 648 t

187 661 251 710 atriu
263 661 303 700 iter
311 662 337 699 ed
346 667 455 701 conventus
463 661 564 700 habendos
573 661 595 702 in
603 663 696 702 citeriore
707 661 781 700 Gellia.

243 749 304 806 Can.
318 751 340 806 Ι.
371 742 460 809 Gallia
471 752 608 813 estemuis
617 751 742 813 divisain
750 758 836 824 partae
846 748 903 816 tris,
918 769 986 824 qua-

91 864 93 876 .
189 842 251 880 rum
263 841 345 880 unam
358 825 476 882 ineolunt
489 825 594 899 Belgae,
612 826 693 882 aliam
709 826 849 898 Aquitani,
872 828 992 893 tertiam·

188 900 236 972 qui
247 899 365 971 ipsorum
375 899 466 974 lingua
476 899 569 966 Celtae,
582 908 669 963 nostra
680 901 749 958 Galli
759 897 932 972 adpellentur.
953 905 987 956 Ηί

188 991 280 1030 omnes
291 973 392 1047 lingua,
404 975 539 1040 institutis3
551 974 654 1048 legibus
665 975 768 1030 interae
778 973 911 1042 differunt.
923 977 986 1032 Gal-

188 1048 228 1104 los
241 1049 275 1104 ab
285 1048 425 1120 Aquitanis
437 1049 573 1112 Garumna
584 1049 692 1118 flumen,
708 1069 723 1106 a
736 1049 823 1123 Belgis
831 1051 947 1106 Matrona
962 1061 988 1106 et

189 1123 311 1195 &pana
326 1123 430 1180 dividit.
451 1125 550 1180 Horum
564 1126 685 1182 omnium
699 1124 834 1180 tortissimi
853 1133 916 1180 sunt
929 1127 987 1180 Bel-

93 1259 96 1263 ,
188 1215 245 1272 gae,
264 1205 397 1270 propterea
411 1199 484 1270 quod
497 1216 512 1256 a
525 1199 598 1254 cultu
611 1207 690 1272 atque
704 1199 865 1270 humanitate
877 1201 987 1271 provin·

188 1273 243 1328 aiae
258 1273 411 1346 longissime
424 1274 529 1340 absunt,
550 1274 712 1345 minimeque
726 1273 759 1328 ed
774 1291 818 1328 eos
833 1283 988 1331 mercatores

189 1365 265 1419 saepe
274 1355 421 1404 commeant
430 1356 509 1420 atque
517 1366 555 1414 ea,
568 1366 636 1424 utrae
644 1349 679 1416 ad
688 1347 875 1406 effeminandos
884 1350 988 1404 animos

189 1424 328 1494 pertinent,
347 1423 501 1496 importent:
522 1424 690 1496 proximique
700 1433 764 1478 aunt
773 1422 921 1488 Germania,
939 1426 987 1497 qui

189 1507 262 1553 trans
281 1499 404 1554 Rhenum
421 1498 547 1564 ineolunt,
570 1499 732 1570 quibuscum
750 1497 912 1569 continenter
931 1499 989 1554 hel-

189 1571 247 1628 lum
265 1584 452 1647 genuumque
471 1573 508 1630 de
521 1589 599 1628 causa
619 1571 728 1626 Heluetii
747 1585 853 1640 quoque
871 1569 989 1643 reliquos

190 1648 280 1704 Gallos
293 1649 390 1704 virtute
406 1647 570 1719 praecedunt,
587 1644 658 1722 quud
672 1643 727 1710 [ere
737 1642 898 1714 quotidianis
912 1663 991 1716 proe-

190 1722 234 1776 liis
246 1739 307 1776 eum
322 1723 460 1776 Germanis
472 1718 641 1782 contendunt,
658 1735 743 1788 quum
757 1725 803 1772 aut
816 1717 872 1772 suis
887 1719 990 1777 finibus

179 1813 234 1860 ,eos
242 1795 390 1866 prohibent,
405 1805 451 1852 aut
459 1795 509 1865 ipsi
521 1793 548 1848 in
559 1809 648 1852 earum
660 1792 758 1857 tinibus
768 1791 867 1848 bellum
879 1807 989 1868 gerunt.

189 1871 288 1926 Eorum
299 1887 432 1942 unapars,
449 1867 865 1940 quamGelioaehtiueredietum
875 1878 923 1934 est,
936 1870 991 1926 ini-

190 1945 257 2001 tium
267 1945 359 2016 capita
369 1944 478 2000 ssumine
486 1942 625 2007 Rhodano:
636 1944 783 2010 continetur
793 1943 928 1998 Garumna
938 1944 988 1999 flu-

190 2020 270 2084 mine,
283 2019 395 2085 Ooeapo,
407 2019 506 2074 finibus
515 2017 669 2093 Belgarum3
687 2019 800 2093 adtingit
811 2019 887 2074 etiam
899 2019 933 2074 ab
943 2020 992 2074 Se-

186 2095 287 2166 quania
296 2103 322 2150 et
328 2095 453 2152 Helvetiis
466 2093 564 2150 ssmnen
578 2094 714 2162 Rhenumj
731 2095 816 2168 uergit
825 2089 859 2148 ad
875 2101 994 2165 septem-

189 2169 296 2226 triones.
316 2169 410 2245 Betgae
426 2170 461 2226 ab
477 2169 601 2226 extremis
619 2169 718 2226 Galliae
730 2170 831 2228 tinibus
848 2167 989 2238 oriuntur;

189 2245 321 2317 pertinent
330 2246 366 2303 ad
373 2244 521 2304 inferiorem
530 2253 630 2318 partem
640 2243 758 2304 [lumime
768 2243 860 2307 Rheni;
872 2251 994 2316 spectant

190 2321 218 2376 in
239 2321 437 2394 septemtriones
454 2329 480 2378 et
491 2323 618 2376 orientem
632 2320 724 2377 solem.
745 2318 918 2391 Aquitaniae
936 2319 993 2388 Ga·
1017 2309 1018 2372 i

190 2415 287 2453 rumne
297 2396 407 2454 humine
415 2397 449 2454 ed
457 2397 602 2472 Pyrenaeos
615 2403 717 2452 mentes
731 2403 755 2449 et
769 2393 802 2449 ad
816 2409 873 2448 earn
887 2403 993 2478 partam
1017 2373 1018 2436 i

148 2473 154 2480 ”
192 2471 296 2540 Oceani,
313 2483 430 2548 quaeest
440 2472 474 2529 ad
487 2473 650 2544 Hispaniam,
667 2471 791 2545 pertinet3
811 2474 909 2540 spectat
923 2475 994 2536 mter

191 2565 313 2606 oeuasum
323 2549 386 2606 solis
398 2556 423 2605 et
432 2549 638 2622 septemtriones.
940 2571 941 2576 κ

248 2627 280 2682 11.
301 2625 380 2700 Apud
389 2625 520 2684 Helvetios
530 2623 608 2699 longe
617 2619 798 2679 nobilissimus
808 2626 833 2674 et
842 2617 995 2674 ditissimus
1017 2627 1018 2694 ζ
