2044 2992
233 158 495 205 HISPANIENSI.
525 159 605 206 CAP.
620 160 663 204 22.
790 155 841 210 505

40 257 184 328 Pompeius
198 257 283 312 securi
299 259 428 328 percussit
441 258 695 322 hominesLXXlV,
711 259 758 330 qui
772 259 843 315 dice-

12 327 13 354 *
39 335 141 389 bantur
150 349 208 386 esse
217 330 330 386 fautores
340 332 458 386 Caesaris
467 333 602 388 victoriae:
623 331 739 404 reliquos
755 334 781 388 in
792 341 842 404 op-

40 407 139 480 pidum
149 405 227 460 iussit
237 405 340 470 deduci,
362 407 505 478 exquibus
520 405 668 480 effugerunt
682 407 757 462 CXX
770 415 795 462 et
809 409 842 462 ad

40 481 329 540 Caesaremvenerunt.
489 521 495 531 ,

98 555 187 610 ΧΧΠ.
202 554 256 608 Hoc
264 553 401 625 praeterito
410 562 534 626 tempore,
542 554 589 626 qui
600 551 628 608 in
637 553 734 626 oppido
741 553 841 628 Ategua

39 633 257 686 Bursauonenses
267 630 336 699 capti
346 636 417 690 sunt,
441 629 518 703 legati
528 628 634 700 proiecti
645 635 708 682 sunt
721 633 782 682 cum
795 647 842 684 no-

38 704 116 766 stris,
137 703 177 756 uti
187 719 242 756 rem
252 710 352 775 gestam
362 704 608 758 Bursauonensibus
625 702 757 768 referrent,
776 703 843 774 quid

38 784 181 850 sperarent
197 775 230 831 de
252 777 301 832 Cn.
322 779 453 848 Pompeio,
480 795 567 850 quum
587 777 706 832 viderent
725 777 841 848 hospites

38 851 171 926 iugulari,
192 859 322 922 praeterea
337 852 421 906 multa
432 852 529 908 scelera
542 852 576 907 ab
585 853 618 906 iis
629 851 694 916 fieri,
708 851 754 923 qui
767 869 842 923 prae-

37 926 107 984 sidii
116 943 209 980 caussa
220 926 253 980 ab
264 926 306 980 his
318 927 502 997 reciperentur.
523 926 665 999 Quiquum
675 926 842 997 adoppidum

37 1002 187 1064 venissent,
198 1000 289 1065 nostri,
311 1002 359 1072 qui
373 1001 485 1055 fuissent
499 1002 599 1072 equites
610 1001 721 1056 Romani
732 1008 756 1054 et
765 1017 842 1055 sena-

37 1089 122 1140 tores,
135 1091 187 1130 non
198 1083 263 1128 sunt
275 1076 333 1128 cusi
349 1075 456 1129 introire
468 1076 495 1128 in
505 1075 642 1146 oppidum,
659 1083 841 1146 praeterquam

35 1152 91 1226 qui
111 1149 170 1203 eius
188 1148 302 1204 ciuitatis
321 1148 442 1206 fuissent.
481 1147 600 1213 Quorum
622 1149 755 1220 responsis
774 1149 843 1204 uitro

35 1229 162 1294 citroque
171 1221 282 1292 acceptis
297 1229 322 1276 et
336 1221 452 1286 redditis,
467 1238 554 1348 quum
571 1221 604 1276 ad
620 1230 721 1276 nostros
735 1240 763 1276 se
779 1223 844 1276 reci-

35 1303 145 1376 perent,
166 1294 214 1366 qui
232 1301 304 1348 extra
325 1295 454 1368 oppidum
483 1296 591 1360 uissent,
616 1293 656 1350 iiii
670 1295 702 1349 de
713 1297 843 1368 praesidio

37 1370 159 1433 insecuti
172 1386 205 1424 ex
219 1368 354 1424 eversione
368 1369 465 1442 legatos
477 1369 645 1442 iugularunt:
666 1369 720 1424 duo
737 1369 841 1440 reliqui,
901 1405 908 1412 ,

36 1448 92 1524 qui
102 1463 137 1500 ex
149 1443 188 1500 eis
203 1441 336 1515 fugerunt,
358 1443 462 1498 Caesari
476 1461 531 1498 rem
545 1451 646 1516 gestam
660 1441 809 1497 detulerunt
820 1451 844 1498 et

34 1519 220 1598 speculatores
228 1516 261 1570 ad
270 1517 533 1590 oppidumrtteguam
542 1518 681 1571 miserunt.
702 1515 844 1588 Quiquum

35 1602 146 1656 certum
154 1591 343 1662 comperissent
353 1591 498 1664 legatorum
509 1605 642 1663 responsa,
650 1591 685 1644 ita
694 1605 751 1644 esse
760 1598 842 1664 gesta,

35 1666 273 1745 quemadmodum
287 1665 326 1719 illi
342 1665 501 1730 retulissent,
518 1666 552 1719 ab
562 1664 702 1738 oppidanis
715 1681 844 1719 concursu

35 1749 121 1806 facto,
134 1757 206 1804 eum,
221 1739 269 1812 qui
277 1739 376 1813 legatos
390 1738 545 1812 iugulasset,
557 1739 672 1812 lapidare
682 1746 706 1792 st
716 1740 738 1793 ei
749 1755 844 1792 manus

37 1821 175 1880 intentare
193 1820 346 1885 coeperunt:
366 1813 441 1868 illius
458 1831 536 1886 opera
556 1830 584 1868 se
603 1812 712 1886 perisse.
742 1815 779 1866 Ita
800 1813 844 1867 vix

35 1888 163 1971 periculo
173 1887 298 1942 liberatus
308 1889 382 1960 petiit
391 1887 425 1942 ab
434 1887 583 1960 oppidanis,
595 1895 625 1941 nt
638 1886 661 1940 ei
676 1885 762 1940 liceret
775 1886 846 1959 lega-

34 1982 102 2027 tum
117 1962 151 2018 ad
160 1962 299 2018 Caesarem
313 1962 458 2035 proficisci:
479 1961 518 2016 illi
534 1979 562 2017 se
571 1961 775 2016 satisfacturum.
796 1963 846 2016 Po-

34 2047 137 2101 testate
146 2037 215 2100 data,
231 2053 317 2106 quum
332 2035 394 2092 inde
404 2043 472 2091 esset
481 2036 620 2108 proiectus,
634 2035 764 2108 praesidio
774 2053 846 2090 eom-

32 2120 145 2193 parato,
153 2127 238 2182 quum
248 2111 315 2166 bene
324 2127 448 2184 magnam
459 2127 567 2166 manum
576 2109 677 2166 fecisset
686 2117 710 2165 et
719 2119 846 2167 nocturno

35 2201 163 2258 tempore
171 2201 218 2256 per
228 2183 356 2240 fallaciam
368 2187 395 2240 in
404 2185 532 2258 oppidum
545 2193 613 2243 esset
622 2192 750 2258 receptus,
767 2186 847 2258 iugu-

36 2261 172 2323 lationem
187 2275 311 2331 magnam
321 2260 395 2325 faoit3
415 2260 644 2333 principibusque,
661 2260 709 2331 qui
719 2259 771 2314 sibi
784 2273 848 2313 oon-

37 2333 121 2396 trarii
132 2331 258 2396 tuissent,
266 2334 415 2399 interiectis,
431 2331 559 2408 oppidum
569 2335 597 2389 in
608 2335 684 2388 stiam
693 2340 847 2404 potestatem

36 2406 152 2480 recipit.
182 2405 513 2482 Hocpraeteritotempore,
535 2409 606 2462 servi
616 2407 768 2481 transfugae
777 2423 848 2461 nun-

33 2484 199 2545 cieverunt,
222 2481 414 2552 oppidanorum
435 2484 504 2537 bona
523 2481 617 2546 vendi,
641 2497 689 2536 nec
710 2481 753 2536 cui
775 2488 848 2536 extra

33 2558 151 2619 vallum
161 2553 238 2608 licere
247 2555 327 2620 exire,
335 2556 568 2624 nisidisoinotum3
589 2555 849 2627 idcircoquc,exquo

35 2638 90 2694 dic
106 2629 238 2704 oppidum
258 2627 358 2706 Ategua
377 2639 445 2686 esset
463 2637 584 2706 captum,
606 2638 679 2687 metu
698 2630 849 2687 conterritos
911 2687 918 2698 ,
