2078 2996
154 126 204 180 286
380 130 430 175 DE
448 129 573 178 BELLO
593 85 716 176 crvm

154 229 326 300 talibusque;
348 228 427 284 altera
437 229 471 282 ad
480 235 588 300 partem,
605 245 660 298 qua
673 235 713 282 est
724 227 812 284 aditam
824 243 860 284 ex
870 228 966 286 Gallia
1025 187 1026 192 η

154 310 233 376 alque
246 303 382 376 Hispania,
402 303 435 358 ad
450 302 478 356 id
491 319 572 366 mare,
593 301 666 373 quod
681 303 797 376 adtingit
811 297 846 356 ad
855 305 966 358 ostium

154 377 285 434 Rhodani.
305 376 422 434 Massilia
430 377 502 432 enim
514 375 568 431 lere
581 393 615 430 ex
628 377 715 430 tribus
727 376 818 447 oppidi
834 378 966 448 partibus

154 450 361 510 mariadluitur:
381 451 483 522 reliqua
494 457 589 522 quarta
597 457 645 516 est,
659 467 731 522 quae
743 451 847 506 aditum
862 452 966 507 babeat

154 534 257 582 eterra.
277 525 365 581 llnius
377 542 485 598 queque
496 525 574 596 spatii
593 541 654 596 pars
672 542 712 590 aa,
728 542 798 596 quae
816 525 852 580 ad
869 544 964 582 arcem

155 603 275 674 pertinet,
300 599 349 656 loci
368 606 461 656 natura
482 606 509 654 et
528 598 597 654 valle
615 598 742 654 altissima
761 599 878 666 munita,
901 600 964 656 lon·

154 692 215 752 gam
226 683 252 730 et
265 673 399 730 difficilem
414 674 493 728 babet
505 674 738 746 oppugnationem.
767 673 810 728 Ad
828 691 859 728 ee
878 675 963 746 perfi-

154 750 246 805 cienda
255 765 333 820 opera
343 747 374 804 C.
388 747 534 803 Trebonius
543 764 669 821 maguam
681 747 864 802 iumentorum
878 757 962 821 atque

155 824 295 879 bominum
313 822 512 877 multitudinem
526 839 559 877 ex
571 821 643 877 omni
658 821 794 893 provincia
804 829 896 878 vocat:
918 825 962 878 vi·
1025 871 1026 874 ,

155 898 228 952 mina
240 896 430 968 materiemque
445 897 602 968 eomportari
621 895 704 951 iubet.
724 895 830 962 Quibus
848 913 961 969 eompa-

156 971 218 1026 ratr’s
237 970 326 1035 rebus,
347 985 470 1044 aggerem
483 971 513 1027 in
528 970 694 1026 altitudinem
712 970 812 1042 pedum
824 973 960 1046 octoginta

154 1051 314 1174 entlllfltbed
322 1119 388 1174 tanti
397 1125 471 1176 erent
480 1119 627 1191 antiquitus
638 1119 667 1174 in
675 1113 773 1190 oppitlo
781 1107 907 1176 mnrium
917 1137 958 1176 re-

155 1209 216 1248 rum
226 1192 259 1246 ad
269 1191 370 1247 bellum
380 1193 530 1264 adparatus,
545 1201 669 1265 tanmque
683 1192 827 1248 multitudo
839 1200 957 1250 mamea·
1025 1203 1026 1232 ³

155 1273 289 1332 torum‚ut
297 1281 389 1322 eorum
399 1268 456 1323 vim
466 1267 555 1324 nullae
563 1275 698 1323 eontextae
707 1267 855 1323 viminibus
864 1268 957 1324 vineae
1025 1319 1026 1330 2

155 1342 285 1398 sustinere
294 1349 411 1414 possent.
431 1341 540 1400 Asseros
549 1343 619 1398 enim
632 1341 730 1414 pedum
743 1341 895 1408 duodecim,
910 1360 956 1398 ou-

155 1417 278 1490 apidibus
287 1417 406 1490 praefixi,
427 1417 544 1490 atquebi
554 1417 680 1472 maximis
690 1415 793 1472 balistis
807 1417 895 1482 missi,
910 1434 955 1489 per

155 1499 268 1566 quatuor
276 1493 382 1549 ordines
393 1493 504 1548 cratium
518 1492 628 1547 interra
641 1491 832 1564 deligebanttu.
852 1491 951 1563 ltaque,

155 1567 295 1640 pedalibus
305 1567 386 1643 lignis
394 1567 541 1623 coniunctis
550 1567 617 1620 inter
626 1583 663 1630 se,
678 1565 794 1636 portiom
802 1565 954 1640 iategeban-

156 1651 214 1709 tur;
233 1649 312 1714 atque
321 1643 372 1698 heo
383 1659 463 1716 agger
475 1642 542 1696 inter
555 1657 651 1695 manus
669 1637 855 1711 proferebatur.
874 1642 954 1694 Ante·

155 1716 262 1772 sedebat
277 1717 379 1773 testudo
388 1717 487 1789 pedum
493 1711 555 1781 Lx,
571 1714 702 1787 aequandi
711 1713 762 1769 loei
771 1729 873 1780 caussa,
889 1713 952 1772 laeta

157 1791 219 1847 item
234 1807 268 1846 ex
284 1789 436 1848 fortissimis
454 1790 544 1864 lignis,
564 1787 703 1844 oonvoluta
719 1788 845 1844 omnibus
863 1789 949 1853 rebus,

156 1865 257 1936 quibus
267 1864 338 1938 ignis
350 1867 433 1922 iaetus
443 1873 468 1922 et
476 1864 575 1936 lapides
584 1863 688 1920 delendi
697 1870 813 1934 possent.
833 1862 885 1918 Sed
896 1880 952 1918 ma-

155 1936 951 2069 ateanaalamnantnaraa·

156 2084 226 2138 Tum
235 2083 341 2138 crebrae
348 2071 397 2156 per'
407 2086 515 2142 Albicos
527 2087 676 2160 eruptiones
690 2086 788 2141 fiebant
799 2103 834 2141 ex
848 2083 946 2158 oppido,
1016 2101 1026 2128 ⁴

156 2159 286 2234 ignesque
305 2159 395 2230 aggeri
408 2168 434 2216 et
446 2161 566 2216 turribus
584 2161 771 2225 inserebantur,
794 2177 863 2232 quae
880 2158 949 2214 laeile
1025 2143 1026 2226 l

97 2242 104 2248 ”
158 2232 240 2290 nostri
260 2231 421 2304 repellebant
438 2233 535 2292 milites
554 2236 715 2310 magnisque
728 2233 798 2290 ultre
810 2232 889 2290 illatis
908 2233 949 2290 de-
1025 2257 1026 2308 }

158 2307 298 2396 tripentis,
318 2324 372 2376 ees,
390 2309 438 2382 qui
456 2309 621 2381 eruptionem
639 2309 759 2370 leoorant.
780 2307 809 2364 in
828 2307 948 2381 oppidum

158 2383 387 2514 remffibqqfflm
396 2457 426 2514 L.
431 2454 567 2522 Nasidius,
577 2407 795 2528 astrasapes
802 2472 864 2514 etam
873 2455 948 2512 elassa

158 2531 269 2588 navium
285 2529 409 2600 sedecim,
431 2533 459 2590 in
472 2531 572 2604 quibus
589 2547 687 2602 paneae
702 2537 776 2585 eraut
794 2537 900 2590 aeratae,
917 2531 948 2586 L:
973 2557 979 2571 ι

158 2602 271 2670 Domitio
279 2604 542 2680 Massiliensibusque
552 2603 672 2661 subsidio
686 2603 794 2670 missus,
814 2601 877 2658 lreto
889 2603 948 2660 sici-
