2064 2996
322 123 398 177 nn.
410 131 446 176 11.
475 133 554 179 cur.
569 133 594 178 1.
609 109 634 178 ι’.
850 135 884 184 et

88 239 115 264 m
126 225 216 266 civilem
230 228 349 266 morinum
363 241 376 265 ι
389 227 414 264 Ρ.
425 227 496 266 cresso
508 227 611 266 rubertus.
637 229 680 267 111.
692 229 741 270 ne·
754 235 813 280 soar
824 215 886 273 Bel.

84 300 121 337 με
132 297 238 339 poento·
252 298 349 340 gentse.
378 292 429 340 cip.
437 293 468 330 ld.
481 291 559 342 Opinio
568 291 631 330 liniue
639 291 690 330 belli
699 294 754 342 opud
764 295 885 346 Genusum

82 353 136 402 logni
146 355 297 393 Geminorum
306 357 334 392 ad
344 357 458 402 cionem
470 355 510 394 iter
520 356 611 394 ommi·
619 356 642 394 in
653 357 735 395 lulium
744 363 764 395 et
770 359 885 409 illyricum

79 417 170 467 ltiltern15
183 419 312 468 supplicatio
321 419 408 456 Romu.

128 529 185 586 Csr.
199 531 220 585 l.
253 519 357 595 Quum
366 537 434 584 esset
443 529 537 586 Caeser
547 532 574 586 in
584 530 701 586 citeriore
710 529 833 587 Gelliein
842 532 886 589 hi·

76 605 170 670 bernis,
192 607 230 660 ito
245 606 287 659 uti
302 604 643 676 supredemonstrnvimus‚
668 606 754 662 crebri
772 605 884 664 adeum

78 695 191 736 rumores
206 679 415 742 adferebantur,
435 679 580 752 litterisque
592 681 654 734 item
668 681 885 738 Labieni‘eertior

76 753 159 820 debet,
169 772 268 810 omnes
278 752 386 826 Belgas,
400 770 481 824 quam
495 757 597 810 tertiam
607 771 664 810 esse
673 755 774 810 Galliae
782 763 883 828 partem

73 828 238 895 dixeramus
251 835 348 883 contro
354 827 485 898 populum
497 829 645 884 Romanum
654 829 800 896 coniurare,
811 831 883 886 obei-

71 902 171 976 desque
183 904 258 960 inter
267 919 297 957 so
306 901 387 956 darer
405 902 558 968 coniurandi
568 903 617 958 has
625 919 683 959 esse
694 919 815 960 caussas:
827 907 883 977 pri·
892 915 904 926 ²
997 905 1002 912 ’

71 993 155 1045 mum,
177 977 255 1052 quod
266 981 431 1041 vererentur,
444 993 484 1044 ne,
500 977 574 1032 omni
584 985 674 1050 pacate
683 978 778 1044 Gallio,
795 979 828 1034 od
837 997 881 1034 eos

70 1053 200 1108 exercitus
213 1059 305 1107 noster
314 1048 502 1106 adduceretui:
524 1051 627 1118 deinde,
639 1053 711 1125 quod
721 1053 755 1107 eb
765 1053 882 1108 nonnul-

71 1126 102 1181 lis
113 1127 199 1183 Gallis
213 1125 432 1190 sollicitarentur,
448 1125 543 1196 partim
553 1126 610 1198 qui,
624 1134 655 1181 ut
666 1125 811 1182 Germanos
821 1127 882 1182 din·
968 1151 970 1156 ’

72 1203 124 1256 tius
133 1203 162 1258 in
172 1200 262 1258 Gellio
272 1198 378 1256 versari
386 1197 532 1267 noluerant,
544 1201 580 1256 itn'
586 1199 797 1273 populillomani
805 1219 882 1256 exer-

72 1277 151 1332 citum
161 1277 283 1333 hiemare
293 1283 378 1344 atque
387 1272 571 1330 inveterascere
580 1276 608 1330 io
623 1274 708 1331 Gellia
721 1275 830 1330 moleste
843 1274 882 1330 ie-

72 1351 174 1420 rebant;
195 1351 299 1424 partim
315 1347 367 1419 qui
381 1348 524 1404 mobilitate
541 1356 566 1405 et
579 1348 684 1404 levitate
702 1349 785 1403 animi
804 1350 882 1405 novis

71 1425 188 1498 imperiis
197 1423 364 1481 studebant:
385 1421 418 1475 oh
427 1423 562 1479 nonnullis
572 1424 661 1488 etiem,
675 1421 749 1493 quod
758 1424 785 1477 in
796 1421 892 1492 Gallia,

70 1501 300 1571 opulentioribus,
312 1503 395 1567 atque
404 1495 455 1563 his,
466 1498 515 1570 qui
524 1497 557 1551 ed
566 1495 749 1551 conducendos
760 1495 881 1550 homines

68 1573 202 1631 facultates
211 1572 364 1635 habebant,
375 1568 454 1644 vulgo
464 1588 546 1646 regne
555 1568 758 1640 occupabantur,
770 1569 818 1640 qui
829 1571 881 1624 mi-

68 1667 119 1706 nus
129 1649 205 1706 facile
213 1667 276 1705 eam
286 1661 348 1702 rem
359 1643 469 1716 imperio
477 1653 566 1702 nostro
574 1642 700 1714 consequi
714 1649 842 1713 poterent.

114 1727 156 1782 u,
175 1726 212 1781 lis
223 1721 338 1780 nunciis
349 1717 494 1792 litterisque
503 1726 651 1775 commotus
660 1717 754 1773 Caesar
766 1717 833 1773 dues
843 1717 882 1774 le·

67 1800 157 1872 giones
167 1800 196 1856 io
205 1798 334 1855 citeriore
349 1792 434 1848 Gellia
447 1813 529 1851 noves
542 1793 697 1866 conscripsit
713 1800 738 1847 et
755 1793 820 1848 inite
837 1811 882 1850 oe-

66 1883 139 1942 state‚
158 1876 186 1930 in
201 1873 366 1930 interiorem
380 1867 491 1924 Gelliam
503 1869 551 1942 qui
564 1868 711 1933 deduceret,
726 1866 756 1935 Q,
768 1869 881 1924 Pedium

67 1949 182 2024 legatum
194 1949 281 2004 misit.
308 1945 381 2015 lpse,
403 1959 486 2014 quum
499 1945 618 2016 primum
631 1942 723 2014 pobuli
737 1945 810 2016 copia
823 1961 881 1998 esse

67 2025 200 2096 inciperet,
212 2023 248 2078 ad
259 2017 412 2076 exercitum
421 2019 505 2074 vehit:
526 2019 571 2073 dat
582 2018 717 2090 negotium
730 2017 880 2073 Senonibus

67 2093 339 2170 reliquisqueGallis,
353 2090 401 2162 qui
411 2087 607 2167 finitimillelgis
617 2099 699 2157 erent,
711 2092 750 2146 uti
760 2110 800 2157 ea,
811 2107 881 2163 quae

67 2175 137 2244 opud
148 2175 350 2258 coequentur,
363 2175 518 2236 cognoscent
531 2183 614 2240 seque
628 2165 661 2222 de
674 2167 717 2221 his
731 2167 811 2220 rebus
824 2181 881 2218 oer-

68 2249 157 2303 liorem
168 2247 277 2302 sacrant.
300 2240 335 2296 lli
346 2246 592 2297 constanteromnes
602 2242 805 2303 nunciaverunt,
823 2254 881 2291 rno-

68 2340 118 2376 uus
127 2323 195 2397 cogi,
209 2317 366 2376 exercitum
377 2312 404 2366 iu
414 2331 498 2370 unum
507 2317 594 2374 locum
604 2315 725 2370 conduci.
740 2314 808 2366 Tum
818 2329 881 2365 voro

67 2396 247 2452 dubitandum
258 2407 326 2462 non¹
335 2387 506 2456 existimavit,
526 2392 594 2463 quin
608 2389 643 2444 ed
655 2406 699 2442 eos
716 2384 882 2471 [duodecimo

67 2469 117 2546 die]
141 2469 374 2544 proficisceretur.
403 2461 440 2518 lle
458 2464 630 2520 frumentario
653 2477 770 2533 provisa,
796 2467 881 2512 cestre

69 2555 151 2602 movet
161 2545 324 2612 diebusque
335 2533 436 2590 circiter
446 2539 598 2610 quindecim
614 2534 648 2590 ed
662 2533 728 2586 fines
741 2531 882 2602 Belgarum

69 2620 192 2690 pervenit.
