2072 2998
285 151 367 198 ,ant
380 153 412 198 V·
443 153 520 200 CAP.
534 155 576 200 2⁰.
590 155 633 201 at.
686 147 692 168 '
807 151 855 226 {03

62 256 133 310 omni
150 253 268 324 deposita
288 269 336 324 spe
348 253 528 314 eontentiouis,
548 254 666 314 dimissis
684 253 855 326 amplioribus

63 329 148 400 oopiis,
162 327 288 384 millibus
303 327 404 381 oireiter
418 339 531 399 quatuor
544 330 735 384 asseclauorum
748 329 853 397 relictis,

61 406 148 459 itinera
159 411 251 458 neura
261 401 391 458 servabat.
402 401 605 475 paullulumque
612 421 646 458 ex
654 404 697 459 via
706 404 853 470 exoedebat,

58 479 175 552 locisque
185 475 322 547 impeditis
331 493 362 530 ao
373 477 538 532 silvestribus
551 496 608 533 sese
623 477 768 532 oooultabat
778 489 856 552 atquo

56 555 87 608 iis
98 552 264 628 regionibus,
278 551 380 622 quibus
391 566 439 606 nos
452 553 499 606 iter
508 551 620 614 lecturos
629 561 794 626 eognoverat,
810 571 856 626 pe-

53 641 113 679 cora
127 637 207 698 aque
220 627 345 682 homines
359 645 391 682 er
405 630 475 701 agris
491 631 516 683 in
527 631 607 684 silvas
616 628 798 700 compellebat:
819 639 852 697 et,

54 717 140 770 quum
154 701 291 774 equitatus
304 709 394 756 noster
407 703 514 758 liberius
529 705 670 776 praedandi
682 706 855 777 vastandique

52 791 144 828 caussa
154 791 184 828 se
193 775 220 826 in
231 787 310 846 agros
321 770 473 835 effunderet,
487 773 611 828 omnibus
624 775 676 828 viis
690 776 759 830 notis
773 780 853 832 serui-

50 851 139 920 tisque
148 845 296 902 essedarios
306 862 339 900 ex
350 844 426 899 silvis
435 847 567 902 emittebat
580 857 605 902 et
620 866 716 923 magno
731 867 791 906 oum
806 869 853 924 pa-

49 922 297 978 rioulouostrorum
307 921 428 992 equitum
438 937 498 976 oum
507 922 540 976 iis
549 921 711 996 confligebat,
717 935 796 998 atque
802 927 852 983 hoo

49 1009 122 1053 metu
144 997 225 1052 latius
238 997 329 1068 vagari
344 995 508 1066 prohibebat.
528 995 741 1070 Relinquebatur,
762 1011 791 1056 ut
806 1021 851 1058 ne-

47 1092 104 1146 que
114 1072 223 1146 lougius
232 1069 267 1125 ab
275 1071 383 1144 agmine
393 1069 526 1144 legionum
534 1071 633 1128 diaoedi
645 1073 737 1129 Caesar
750 1085 852 1148 patere·

46 1159 93 1203 tur
103 1157 130 1202 et
138 1149 243 1201 tanturn
254 1146 280 1199 in
296 1144 368 1217 agris
381 1145 515 1200 vastandis
529 1146 711 1220 incendiisque
723 1149 849 1207 laniandis

47 1223 174 1277 hostibus
184 1229 328 1282 nooeretur,
344 1227 473 1290 quantum
484 1219 572 1276 labore
580 1229 659 1295 atque
667 1223 758 1280 itinere
767 1225 849 1301 legio-

49 1297 121 1352 narii
132 1294 227 1349 milites
235 1294 337 1349 ellioere
347 1301 474 1364 poterant.

110 1370 171 1423 XX.
189 1371 295 1424 interim
305 1367 486 1431 Trinobantes,
505 1387 587 1442 prope
596 1370 747 1428 firmissima
756 1391 847 1430 earum
910 1403 911 1406 ¹

47 1458 187 1518 regionem
196 1445 298 1506 civitas,
310 1461 344 1498 ex
353 1444 776 1515 quablandubratius‘adolesoens.
784 1449 848 1504 Cne-

43 1521 117 1576 saris
135 1517 215 1574 fidem
230 1526 346 1582 secutus,
367 1517 402 1572 atl
417 1535 478 1574 eum
494 1521 520 1573 in
539 1520 714 1574 continentem
734 1521 846 1578 Galliam

44 1603 164 1656 venerat,
176 1595 262 1666 (ouius
271 1603 345 1664 pater
353 1593 534 1648 lmanuentius
545 1593 571 1648 in
583 1611 612 1647 ea
622 1593 725 1650 civitais
735 1613 847 1668 regnum

42 1671 198 1726 obtinuerat
207 1667 412 1740 interiectusque
420 1677 497 1723 erata
508 1667 718 1735 cassivellauno
739 1669 795 1740 ipse
805 1669 847 1729 lu-

43 1763 80 1818 ga
90 1752 202 1798 mortem
212 1742 347 1816 neverat)
356 1743 454 1816 legatos
463 1743 496 1798 ad
506 1744 642 1799 Caesarem
652 1744 759 1800 mittunt
769 1745 847 1816 polli-

43 1828 202 1891 oenturque,
223 1835 280 1873 sese
292 1819 315 1872 ei
330 1816 468 1880 dedituros¹
479 1826 557 1890 atque
571 1819 697 1890 imperata
716 1819 843 1879 facturos:

43 1901 148 1966 petunt,
170 1899 202 1947 ut
214 1891 429 1948 Mandubratium
444 1892 477 1946 ab
490 1893 585 1948 iniuria
595 1893 783 1951 Cassivellauni
799 1895 846 1952 de-

42 1969 135 2024 fendat
145 1971 259 2040 atquein
270 1968 405 2028 civitatem
415 1967 508 2030 mittat,
524 1969 571 2040 qui
584 1970 680 2040 praesit
689 1970 845 2044 imperium-

41 2042 232 2116 queobtineat.
254 2044 301 2096 llis
315 2042 410 2096 Caesar
424 2042 533 2114 imperat
546 2044 711 2101 obsidesXL
725 2045 845 2104 frumen-

42 2128 159 2190 tumque
168 2118 303 2181 exercitui,
320 2115 587 2190 blandubratiurnque
596 2119 629 2174 ad
638 2137 682 2175 eos
691 2121 780 2178 mittit.
800 2123 842 2178 Illi

42 2197 172 2266 imperata
186 2193 303 2248 celeriter
321 2189 447 2256 ieoerunt,
468 2191 572 2248 obsides
585 2194 619 2249 ad
632 2213 773 2252 numerum
786 2196 844 2252 iru-

41 2275 185 2340 mentaquo
194 2266 337 2322 miserunt.

99 2341 175 2397 XXI.
195 2339 403 2396 Trinobantibus
420 2337 532 2412 delensis
546 2351 624 2414 atque
637 2343 671 2398 ab
684 2344 757 2399 omui
770 2343 844 2398 rnili-

40 2426 100 2472 tum
109 2417 206 2472 iniuria
219 2414 371 2488 prohibitis,
386 2413 550 2490 Cenimagni,
566 2417 721 2490 Segontiaoi,
737 2414 843 2471 Ancali-

41 2501 91 2559 tes,
103 2491 216 2555 Bibroci,
229 2490 315 2552 Caasi,
332 2487 506 2562 legationibus
516 2492 605 2546 missis
615 2509 672 2544 sese
683 2491 786 2544 Caesari
796 2491 842 2545 de-

42 2566 117 2621 dunt.
137 2565 179 2620 Ab
187 2565 230 2620 his
240 2563 384 2638 eognosoit,
402 2581 453 2618 non
466 2564 542 2637 longe
555 2583 588 2619 ex
601 2581 632 2619 eo
646 2563 702 2617 looo
713 2563 849 2634 oppiduui*

44 2638 427 2699 Cassivellauniabesse.silvis
436 2635 842 2712 paludibusqqernunitum,quo
