2072 2998
303 143 373 192 mn.
384 145 439 194 vn.
468 147 549 194 CAP.
562 147 585 193 5.
598 148 625 194 ὅ.
808 141 856 195 tta

59 256 117 302 tmn
137 244 225 302 addit:
258 243 441 318 magnitudine
462 244 586 317 supplicii
606 241 756 302 dubitantes
775 247 857 320 cogit:

61 338 135 387 nam,
157 319 260 374 maiore
278 319 420 374 commisso
437 318 540 386 delicto,
564 319 621 394 igni
638 328 717 392 atque
734 321 858 376 omnibus

60 395 200 454 tormentis
220 401 308 449 necat:
333 391 429 448 leviore
441 394 474 448 da
489 411 590 459 caussa,
613 395 722 449 auribus
737 393 856 454 desectis.

57 480 105 527 sut
120 467 241 542 singulis
259 467 361 524 effossis
379 468 471 534 coelis,
490 469 600 524 domum
619 469 735 533 remittit,
757 475 787 522 ut
806 470 858 524 sint

55 545 173 617 reliquis
186 543 347 598 documento
360 550 386 596 et
397 543 579 617 magnitudine
590 559 689 616 poenae
701 550 859 616 perterreant

52 621 134 676 alios.
756 651 761 658 ·

114 727 149 783 V.
169 725 219 780 His
238 721 381 797 suppliciis
391 725 505 780 celeriter
519 732 605 780 coacto
621 725 745 790 exercitu,
764 725 858 780 Lucte-

53 800 427 863 riumCadurcum,summac
436 800 570 855 hominem
579 801 708 866 audaciae,
715 817 776 855 cum
785 808 858 872 parte

52 877 198 950 oepierum
208 875 236 928 in
247 875 364 928 Rutenos
373 875 464 930 mitt-it:
480 875 535 946 ipse
545 874 706 950 inBituriges
715 873 858 947 proficisci·

51 962 111 1008 tur.
132 951 203 1006 Eius
212 947 328 1004 adventu
337 949 465 1022 Bituriges
476 949 509 1003 od
522 947 635 1014 Aeduos,
656 968 770 1022 quorum
785 958 857 1006 erent

51 1030 83 1083 in
95 1025 161 1090 fide,
170 1023 270 1097 legatos
280 1023 389 1077 mittunt
398 1023 548 1078 subsidium
556 1032 746 1097 rogatumque
755 1023 857 1080 facilius

52 1101 180 1158 hostiurn
190 1098 281 1170 copias
291 1097 420 1168 sustinere
430 1090 552 1169 possint'
560 1098 644 1153 Aedui
660 1099 692 1154 de
702 1100 810 1155 consilio
821 1100 857 1156 le-

51 1185 193 1252 gatorum,
216 1189 286 1244 quos
297 1175 393 1228 Caesar
403 1173 435 1227 ad
445 1173 587 1227 exercitum
602 1173 748 1245 reliquerat,
769 1176 857 1250 copias

53 1251 195 1322 equitatus
216 1247 403 1333 peditatusque
423 1247 543 1302 subsidio
552 1247 720 1334 ‘Biturigibus
739 1249 855 1304 mittunt.

54 1319 860 1476 srnlsttlltztlslsltlnlltlsltlnt

52 1472 174 1530 transire
182 1471 251 1536 ausi,
263 1471 374 1525 domum
385 1478 550 1527 revertuntur
559 1469 703 1544 legatisque
712 1473 807 1526 nostris
817 1490 857 1527 re-

51 1548 198 1611 nunciant,
223 1563 253 1600 se
270 1545 419 1618 Biturigum
440 1545 577 1618 perfidiam
596 1546 692 1598 veritos
711 1547 855 1612 revertisse,
873 1542 884 1570 ”

51 1624 159 1697 quibus
167 1622 197 1676 id
203 1619 310 1677 consilii
319 1618 401 1674 fuisse
409 1619 586 1696 cognoverint,
594 1629 632 1684 ut,
640 1619 664 1672 si
671 1617 768 1674 llumen
774 1627 858 1674 trans-

52 1701 151 1762 issent,
167 1713 224 1751 una
234 1712 268 1750 ex
277 1701 351 1766 parte
360 1694 420 1765 ipsi,
436 1695 513 1750 altere
526 1693 637 1750 Arverni
648 1709 676 1748 se
685 1693 859 1749 circumsiste-

54 1779 129 1828 rent.
148 1771 179 1826 ld
188 1787 255 1824 eane
269 1769 303 1824 de
315 1785 416 1834 caussa,
439 1787 521 1842 quam
537 1767 627 1842 legatis
641 1769 856 1840 pronunciarunt,

55 1865 92 1904 an
102 1845 216 1920 perfidia
231 1843 338 1898 adducti
353 1841 468 1909 imerint,
490 1843 563 1916 quod
575 1843 642 1898 nihil
656 1842 733 1898 nobis
748 1851 855 1912 constat,

53 1939 110 1979 non
120 1920 231 1977 videtur
239 1935 289 1992 pro
299 1924 367 1972 certo
376 1935 433 1973 esse
444 1919 604 1992 ponendum.
619 1918 753 1993 ‘Biturigas
767 1936 857 1977 eorum

53 1998 182 2053 discessu
192 1993 285 2048 stetim
294 2007 393 2047 secum
402 1993 527 2049 Arvernis
535 1993 709 2067 coniungunt.

112 2113 162 2169 Vl.
182 2110 233 2166 llis
246 2108 328 2166 rmus
342 2107 371 2164 in
384 2109 484 2164 ltaliam
497 2108 599 2184 Caesari
612 2110 751 2178 nunciatis,
772 2129 859 2186 quum

53 2190 112 2245 iam
123 2186 172 2242 ille
181 2185 300 2240 urbanas
310 2201 353 2238 res
361 2183 456 2238 virtute
468 2183 517 2240 Cn.
528 2185 644 2256 Pompeii
657 2186 858 2242 commodiorem

52 2265 201 2320 insertum
210 2257 364 2331 pervenisse
373 2257 539 2332 intellegeret,
551 2259 579 2315 in
589 2260 787 2332 Transalpinam
797 2261 860 2315 Gal-

52 2338 124 2394 liam
133 2331 271 2408 proiectus
280 2337 330 2388 est.
348 2329 388 2386 Ec
399 2349 484 2404 quum
497 2333 619 2400 venisset,
635 2351 731 2408 magna
747 2333 861 2390 difficul-

53 2421 111 2468 tete
126 2406 313 2471 adficiebatur,
333 2423 387 2478 que
399 2407 499 2462 reticna
515 2407 550 2462 ad
567 2409 710 2464 exerdnrm
725 2408 861 2478 pervenire

54 2491 161 2559 posset.
188 2483 259 2536 Nam
273 2481 298 2535 si
313 2479 427 2554 legiones
441 2483 468 2538 iu
484 2481 647 2553 proiinciam
665 2485 811 2546 arcesseret,
833 2499 862 2537 se

56 2561 174 2617 ahsente
187 2555 216 2610 in
231 2555 325 2610 itinere
341 2555 442 2627 proelio
456 2556 625 2612 dimicaturas
639 2554 817 2626 intellegebat:
838 2556 862 2610 si

56 2636 119 2708 ipse
134 2631 171 2688 ad
186 2628 333 2687 exercitum
348 2621 519 2698 mntenderet,
539 2647 575 2686 ne
587 2630 621 2686 iis
632 2628 750 2702 quiden,
771 2629 819 2702 qui
832 2645 863 2686 eo
