<?xml version="1.0" encoding="UTF-8"?>
<!DOCTYPE html PUBLIC "-//W3C//DTD XHTML 1.0 Transitional//EN"
    "http://www.w3.org/TR/xhtml1/DTD/xhtml1-transitional.dtd">
<html xmlns="http://www.w3.org/1999/xhtml" xml:lang="en" lang="en">
 <head>
  <title>
</title>
<meta http-equiv="Content-Type" content="text/html;charset=utf-8" />
  <meta name='ocr-system' content='tesseract 3.04.00' />
  <meta name='ocr-capabilities' content='ocr_page ocr_carea ocr_par ocr_line ocrx_word'/>
</head>
<body>
  <div class='ocr_page' id='page_1' title='image "./ciuliicaesarisc04caesgoog_0105.png"; bbox 0 0 2072 2998; ppageno 0'>
   <div class='ocr_carea' id='block_1_1' title="bbox 169 158 756 225">
    <p class='ocr_par' dir='ltr' id='par_1_1' title="bbox 169 158 756 225">
     <span class='ocr_line' id='line_1_1' title="bbox 169 158 756 225; baseline -0.007 -15"><span class='ocrx_word' id='word_1_1' title='bbox 169 158 218 210; x_wconf 81' lang='lat' dir='ltr'><strong>tut</strong></span> <span class='ocrx_word' id='word_1_2' title='bbox 319 187 324 200; x_wconf 53' lang='lat'>=</span> <span class='ocrx_word' id='word_1_3' title='bbox 369 161 564 208; x_wconf 77' lang='lat' dir='ltr'><strong>nanneno</strong></span> <span class='ocrx_word' id='word_1_4' title='bbox 589 159 756 225; x_wconf 76' lang='lat' dir='ltr'><strong>aanmco</strong></span> 
     </span>
    </p>
   </div>
   <div class='ocr_carea' id='block_1_2' title="bbox 168 259 1025 632">
    <p class='ocr_par' dir='ltr' id='par_1_2' title="bbox 168 259 1025 559">
     <span class='ocr_line' id='line_1_2' title="bbox 168 259 1025 362; baseline -0.001 -45"><span class='ocrx_word' id='word_1_5' title='bbox 168 261 268 335; x_wconf 77' lang='lat' dir='ltr'><strong>praeter</strong></span> <span class='ocrx_word' id='word_1_6' title='bbox 277 260 367 336; x_wconf 77' lang='lat' dir='ltr'><strong>laguna</strong></span> <span class='ocrx_word' id='word_1_7' title='bbox 382 270 459 334; x_wconf 87' lang='lat' dir='ltr'><strong>atque</strong></span> <span class='ocrx_word' id='word_1_8' title='bbox 476 262 596 316; x_wconf 88' lang='lat' dir='ltr'><strong>abietem.</strong></span> <span class='ocrx_word' id='word_1_9' title='bbox 617 262 741 332; x_wconf 81' lang='lat' dir='ltr'>Leporem</span> <span class='ocrx_word' id='word_1_10' title='bbox 754 268 781 315; x_wconf 89' lang='lat' dir='ltr'><strong>et</strong></span> <span class='ocrx_word' id='word_1_11' title='bbox 795 259 928 334; x_wconf 74' lang='lat' dir='ltr'><strong>gallinam</strong></span> <span class='ocrx_word' id='word_1_12' title='bbox 941 269 968 316; x_wconf 93' lang='lat' dir='ltr'><strong>et</strong></span> <span class='ocrx_word' id='word_1_13' title='bbox 1023 295 1025 362; x_wconf 55' lang='lat'><em>5</em></span> 
     </span>
     <span class='ocr_line' id='line_1_3' title="bbox 169 335 968 411; baseline -0.004 -18"><span class='ocrx_word' id='word_1_14' title='bbox 169 349 287 394; x_wconf 86' lang='lat' dir='ltr'><strong>anserem</strong></span> <span class='ocrx_word' id='word_1_15' title='bbox 294 335 453 411; x_wconf 74' lang='lat' dir='ltr'><strong>gistare,las</strong></span> <span class='ocrx_word' id='word_1_16' title='bbox 461 354 512 390; x_wconf 92' lang='lat' dir='ltr'><strong>non</strong></span> <span class='ocrx_word' id='word_1_17' title='bbox 521 343 621 408; x_wconf 87' lang='lat' dir='ltr'><strong>putant;</strong></span> <span class='ocrx_word' id='word_1_18' title='bbox 633 335 696 390; x_wconf 87' lang='lat' dir='ltr'><strong>haee</strong></span> <span class='ocrx_word' id='word_1_19' title='bbox 702 343 789 390; x_wconf 88' lang='lat' dir='ltr'><strong>tamen</strong></span> <span class='ocrx_word' id='word_1_20' title='bbox 796 335 873 391; x_wconf 89' lang='lat' dir='ltr'><strong>alunt</strong></span> <span class='ocrx_word' id='word_1_21' title='bbox 879 336 968 392; x_wconf 91' lang='lat' dir='ltr'><strong>animi</strong></span> 
     </span>
     <span class='ocr_line' id='line_1_4' title="bbox 169 411 967 486; baseline -0.001 -18"><span class='ocrx_word' id='word_1_22' title='bbox 169 412 362 486; x_wconf 74' lang='lat' dir='ltr'><strong>voluptatisque</strong></span> <span class='ocrx_word' id='word_1_23' title='bbox 371 429 473 467; x_wconf 80' lang='lat' dir='ltr'><strong>caussa.</strong></span> <span class='ocrx_word' id='word_1_24' title='bbox 493 412 559 466; x_wconf 88' lang='lat' dir='ltr'><strong>Looa</strong></span> <span class='ocrx_word' id='word_1_25' title='bbox 568 418 631 465; x_wconf 90' lang='lat' dir='ltr'><strong>sunt</strong></span> <span class='ocrx_word' id='word_1_26' title='bbox 640 411 828 483; x_wconf 74' lang='lat' dir='ltr'><strong>temperatiora,</strong></span> <span class='ocrx_word' id='word_1_27' title='bbox 839 427 925 484; x_wconf 88' lang='lat' dir='ltr'><strong>quam</strong></span> <span class='ocrx_word' id='word_1_28' title='bbox 937 411 967 467; x_wconf 92' lang='lat' dir='ltr'><strong>in</strong></span> 
     </span>
     <span class='ocr_line' id='line_1_5' title="bbox 170 485 799 559; baseline -0.008 -15"><span class='ocrx_word' id='word_1_29' title='bbox 170 487 263 552; x_wconf 88' lang='lat' dir='ltr'><strong>Gallia,</strong></span> <span class='ocrx_word' id='word_1_30' title='bbox 276 487 470 542; x_wconf 85' lang='lat' dir='ltr'><strong>remissioribus</strong></span> <span class='ocrx_word' id='word_1_31' title='bbox 479 485 628 559; x_wconf 75' lang='lat' dir='ltr'><strong>frigoribus.</strong></span> <span class='ocrx_word' id='word_1_32' title='bbox 686 547 691 558; x_wconf 81' lang='lat'>.</span> <span class='ocrx_word' id='word_1_33' title='bbox 791 536 799 549; x_wconf 78' lang='grc'>,</span> 
     </span>
    </p>

    <p class='ocr_par' dir='ltr' id='par_1_3' title="bbox 224 558 967 632">
     <span class='ocr_line' id='line_1_6' title="bbox 224 558 967 632; baseline -0.004 -15"><span class='ocrx_word' id='word_1_34' title='bbox 224 563 293 617; x_wconf 88' lang='lat' dir='ltr'><strong>Xlll.</strong></span> <span class='ocrx_word' id='word_1_35' title='bbox 314 560 401 616; x_wconf 84' lang='lat' dir='ltr'><strong>Insula</strong></span> <span class='ocrx_word' id='word_1_36' title='bbox 412 570 503 616; x_wconf 85' lang='lat' dir='ltr'><strong>natura</strong></span> <span class='ocrx_word' id='word_1_37' title='bbox 513 561 646 632; x_wconf 85' lang='lat' dir='ltr'><strong>triquetra,</strong></span> <span class='ocrx_word' id='word_1_38' title='bbox 662 559 834 615; x_wconf 87' lang='lat' dir='ltr'><strong>ouiusunum</strong></span> <span class='ocrx_word' id='word_1_39' title='bbox 844 558 916 614; x_wconf 89' lang='lat' dir='ltr'><strong>latus</strong></span> <span class='ocrx_word' id='word_1_40' title='bbox 926 570 967 615; x_wconf 89' lang='lat' dir='ltr'><strong>est</strong></span> 
     </span>
    </p>
   </div>
   <div class='ocr_carea' id='block_1_3' title="bbox 169 633 1028 2732">
    <p class='ocr_par' dir='ltr' id='par_1_4' title="bbox 169 633 1028 2732">
     <span class='ocr_line' id='line_1_7' title="bbox 169 633 967 708; baseline -0.004 -16"><span class='ocrx_word' id='word_1_41' title='bbox 169 647 257 692; x_wconf 85' lang='lat' dir='ltr'><strong>eontra</strong></span> <span class='ocrx_word' id='word_1_42' title='bbox 267 636 390 692; x_wconf 87' lang='lat' dir='ltr'><strong>Galliam.</strong></span> <span class='ocrx_word' id='word_1_43' title='bbox 410 636 495 690; x_wconf 87' lang='lat' dir='ltr'><strong>lluius</strong></span> <span class='ocrx_word' id='word_1_44' title='bbox 504 634 591 690; x_wconf 89' lang='lat' dir='ltr'><strong>lateris</strong></span> <span class='ocrx_word' id='word_1_45' title='bbox 600 634 664 690; x_wconf 88' lang='lat' dir='ltr'><strong>alter</strong></span> <span class='ocrx_word' id='word_1_46' title='bbox 675 633 800 708; x_wconf 82' lang='lat' dir='ltr'><strong>angulus,</strong></span> <span class='ocrx_word' id='word_1_47' title='bbox 815 635 862 708; x_wconf 86' lang='lat' dir='ltr'><strong>qui</strong></span> <span class='ocrx_word' id='word_1_48' title='bbox 876 643 919 690; x_wconf 86' lang='lat' dir='ltr'><strong>est</strong></span> <span class='ocrx_word' id='word_1_49' title='bbox 931 635 967 689; x_wconf 86' lang='lat' dir='ltr'><strong>ad</strong></span> 
     </span>
     <span class='ocr_line' id='line_1_8' title="bbox 170 707 966 782; baseline -0.004 -15"><span class='ocrx_word' id='word_1_50' title='bbox 170 712 301 774; x_wconf 79' lang='lat' dir='ltr'><strong>Cantium,</strong></span> <span class='ocrx_word' id='word_1_51' title='bbox 315 725 369 782; x_wconf 89' lang='lat' dir='ltr'><strong>qno</strong></span> <span class='ocrx_word' id='word_1_52' title='bbox 380 709 532 766; x_wconf 88' lang='lat' dir='ltr'><strong>lereomnes</strong></span> <span class='ocrx_word' id='word_1_53' title='bbox 543 727 577 764; x_wconf 87' lang='lat' dir='ltr'><strong>ex</strong></span> <span class='ocrx_word' id='word_1_54' title='bbox 590 709 675 765; x_wconf 85' lang='lat' dir='ltr'><strong>Gallia</strong></span> <span class='ocrx_word' id='word_1_55' title='bbox 689 727 769 764; x_wconf 84' lang='lat' dir='ltr'><strong>naves</strong></span> <span class='ocrx_word' id='word_1_56' title='bbox 783 707 966 782; x_wconf 83' lang='lat' dir='ltr'><strong>adpelluntur,</strong></span> 
     </span>
     <span class='ocr_line' id='line_1_9' title="bbox 170 784 970 856; baseline -0.001 -15"><span class='ocrx_word' id='word_1_57' title='bbox 170 786 336 842; x_wconf 86' lang='lat' dir='ltr'><strong>adorientem</strong></span> <span class='ocrx_word' id='word_1_58' title='bbox 351 784 446 853; x_wconf 87' lang='lat' dir='ltr'><strong>solem;</strong></span> <span class='ocrx_word' id='word_1_59' title='bbox 468 784 573 840; x_wconf 83' lang='lat' dir='ltr'><strong>inferior</strong></span> <span class='ocrx_word' id='word_1_60' title='bbox 584 784 617 840; x_wconf 91' lang='lat' dir='ltr'><strong>ad</strong></span> <span class='ocrx_word' id='word_1_61' title='bbox 630 784 766 839; x_wconf 77' lang='lat' dir='ltr'><strong>meridiem</strong></span> <span class='ocrx_word' id='word_1_62' title='bbox 781 792 889 856; x_wconf 80' lang='lat' dir='ltr'><strong>spectat.</strong></span> <span class='ocrx_word' id='word_1_63' title='bbox 910 786 970 840; x_wconf 80' lang='lat' dir='ltr'><strong>lloo</strong></span> 
     </span>
     <span class='ocr_line' id='line_1_10' title="bbox 171 858 970 935; baseline 0.001 -21"><span class='ocrx_word' id='word_1_64' title='bbox 171 860 238 916; x_wconf 88' lang='lat' dir='ltr'><strong>latus</strong></span> <span class='ocrx_word' id='word_1_65' title='bbox 258 867 326 914; x_wconf 87' lang='lat' dir='ltr'><strong>tenet</strong></span> <span class='ocrx_word' id='word_1_66' title='bbox 341 860 442 915; x_wconf 89' lang='lat' dir='ltr'><strong>oiroiter</strong></span> <span class='ocrx_word' id='word_1_67' title='bbox 455 860 536 914; x_wconf 93' lang='lat' dir='ltr'><strong>millia</strong></span> <span class='ocrx_word' id='word_1_68' title='bbox 552 875 680 933; x_wconf 81' lang='lat' dir='ltr'><strong>passuum</strong></span> <span class='ocrx_word' id='word_1_69' title='bbox 699 860 729 914; x_wconf 88' lang='lat' dir='ltr'><strong>D.</strong></span> <span class='ocrx_word' id='word_1_70' title='bbox 744 858 862 914; x_wconf 71' lang='lat' dir='ltr'><strong>Alterum</strong></span> <span class='ocrx_word' id='word_1_71' title='bbox 877 861 970 935; x_wconf 80' lang='lat' dir='ltr'><strong>vergit</strong></span> 
     </span>
     <span class='ocr_line' id='line_1_11' title="bbox 170 933 970 1006; baseline 0 -16"><span class='ocrx_word' id='word_1_72' title='bbox 170 935 204 990; x_wconf 93' lang='lat' dir='ltr'><strong>ad</strong></span> <span class='ocrx_word' id='word_1_73' title='bbox 213 934 365 1004; x_wconf 85' lang='lat' dir='ltr'><strong>Hispaniam</strong></span> <span class='ocrx_word' id='word_1_74' title='bbox 374 942 452 1006; x_wconf 89' lang='lat' dir='ltr'><strong>atque</strong></span> <span class='ocrx_word' id='word_1_75' title='bbox 460 935 617 990; x_wconf 85' lang='lat' dir='ltr'><strong>oooidentem</strong></span> <span class='ocrx_word' id='word_1_76' title='bbox 627 933 717 998; x_wconf 89' lang='lat' dir='ltr'><strong>solem,</strong></span> <span class='ocrx_word' id='word_1_77' title='bbox 733 951 786 1006; x_wconf 90' lang='lat' dir='ltr'><strong>qua</strong></span> <span class='ocrx_word' id='word_1_78' title='bbox 797 951 831 989; x_wconf 89' lang='lat' dir='ltr'><strong>ex</strong></span> <span class='ocrx_word' id='word_1_79' title='bbox 840 943 917 1006; x_wconf 86' lang='lat' dir='ltr'><strong>parte</strong></span> <span class='ocrx_word' id='word_1_80' title='bbox 925 944 970 990; x_wconf 77' lang='lat' dir='ltr'><strong>est</strong></span> 
     </span>
     <span class='ocr_line' id='line_1_12' title="bbox 170 968 1025 1081; baseline 0 -17"><span class='ocrx_word' id='word_1_81' title='bbox 170 1009 302 1073; x_wconf 88' lang='lat' dir='ltr'><strong>Hibernia,</strong></span> <span class='ocrx_word' id='word_1_82' title='bbox 318 1007 429 1063; x_wconf 86' lang='lat' dir='ltr'><strong>dimidio</strong></span> <span class='ocrx_word' id='word_1_83' title='bbox 439 1010 533 1075; x_wconf 91' lang='lat' dir='ltr'><strong>minor,</strong></span> <span class='ocrx_word' id='word_1_84' title='bbox 550 1009 749 1074; x_wconf 87' lang='lat' dir='ltr'><strong>utaestimatur,</strong></span> <span class='ocrx_word' id='word_1_85' title='bbox 766 1026 848 1081; x_wconf 89' lang='lat' dir='ltr'><strong>quam</strong></span> <span class='ocrx_word' id='word_1_86' title='bbox 860 1009 969 1064; x_wconf 86' lang='lat' dir='ltr'><strong>Britan·</strong></span> <span class='ocrx_word' id='word_1_87' title='bbox 1020 968 1025 1077; x_wconf 64' lang='lat' dir='ltr'><strong>i</strong></span> 
     </span>
     <span class='ocr_line' id='line_1_13' title="bbox 171 1082 967 1157; baseline 0.003 -19"><span class='ocrx_word' id='word_1_88' title='bbox 171 1084 226 1150; x_wconf 85' lang='lat' dir='ltr'><strong>nia;</strong></span> <span class='ocrx_word' id='word_1_89' title='bbox 248 1083 293 1138; x_wconf 88' lang='lat' dir='ltr'><strong>sed</strong></span> <span class='ocrx_word' id='word_1_90' title='bbox 302 1083 359 1155; x_wconf 88' lang='lat' dir='ltr'><strong>pari</strong></span> <span class='ocrx_word' id='word_1_91' title='bbox 368 1083 452 1157; x_wconf 89' lang='lat' dir='ltr'><strong>spatio</strong></span> <span class='ocrx_word' id='word_1_92' title='bbox 460 1084 641 1149; x_wconf 85' lang='lat' dir='ltr'><strong>transmissus,</strong></span> <span class='ocrx_word' id='word_1_93' title='bbox 653 1091 731 1156; x_wconf 86' lang='lat' dir='ltr'><strong>atque</strong></span> <span class='ocrx_word' id='word_1_94' title='bbox 739 1082 872 1150; x_wconf 85' lang='lat' dir='ltr'><strong>exGallia,</strong></span> <span class='ocrx_word' id='word_1_95' title='bbox 884 1085 967 1140; x_wconf 84' lang='lat' dir='ltr'><strong>estin</strong></span> 
     </span>
     <span class='ocr_line' id='line_1_14' title="bbox 170 1157 970 1231; baseline 0.003 -19"><span class='ocrx_word' id='word_1_96' title='bbox 170 1157 341 1214; x_wconf 81' lang='lat' dir='ltr'><strong>Britanniam.</strong></span> <span class='ocrx_word' id='word_1_97' title='bbox 360 1158 450 1214; x_wconf 89' lang='lat' dir='ltr'><strong>lnboo</strong></span> <span class='ocrx_word' id='word_1_98' title='bbox 458 1157 970 1231; x_wconf 85' lang='lat' dir='ltr'><strong>mediooursuestinsnla,qnaeadpel-</strong></span> 
     </span>
     <span class='ocr_line' id='line_1_15' title="bbox 170 1232 1027 1305; baseline 0.005 -19"><span class='ocrx_word' id='word_1_99' title='bbox 170 1233 239 1288; x_wconf 91' lang='lat' dir='ltr'><strong>latur</strong></span> <span class='ocrx_word' id='word_1_100' title='bbox 255 1233 345 1302; x_wconf 82' lang='lat' dir='ltr'><strong>liona3</strong></span> <span class='ocrx_word' id='word_1_101' title='bbox 365 1232 513 1305; x_wconf 88' lang='lat' dir='ltr'><strong>oompluras</strong></span> <span class='ocrx_word' id='word_1_102' title='bbox 531 1240 660 1305; x_wconf 81' lang='lat' dir='ltr'><strong>praeterea</strong></span> <span class='ocrx_word' id='word_1_103' title='bbox 672 1233 786 1288; x_wconf 85' lang='lat' dir='ltr'><strong>minores</strong></span> <span class='ocrx_word' id='word_1_104' title='bbox 798 1233 914 1289; x_wconf 83' lang='lat' dir='ltr'><strong>obiectae</strong></span> <span class='ocrx_word' id='word_1_105' title='bbox 923 1236 970 1290; x_wconf 87' lang='lat' dir='ltr'><strong>in·-</strong></span> <span class='ocrx_word' id='word_1_106' title='bbox 1025 1249 1027 1278; x_wconf 59' lang='grc' dir='ltr'><strong><em>ὲ</em></strong></span> 
     </span>
     <span class='ocr_line' id='line_1_16' title="bbox 170 1307 971 1381; baseline -0.001 -18"><span class='ocrx_word' id='word_1_107' title='bbox 170 1308 448 1364; x_wconf 86' lang='lat' dir='ltr'><strong>sulaeexistimantnr:</strong></span> <span class='ocrx_word' id='word_1_108' title='bbox 463 1309 497 1364; x_wconf 88' lang='lat' dir='ltr'><strong>de</strong></span> <span class='ocrx_word' id='word_1_109' title='bbox 507 1308 607 1380; x_wconf 88' lang='lat' dir='ltr'><strong>quibus</strong></span> <span class='ocrx_word' id='word_1_110' title='bbox 615 1308 711 1364; x_wconf 89' lang='lat' dir='ltr'><strong>insulis</strong></span> <span class='ocrx_word' id='word_1_111' title='bbox 721 1307 841 1364; x_wconf 91' lang='lat' dir='ltr'><strong>nonnulli</strong></span> <span class='ocrx_word' id='word_1_112' title='bbox 851 1309 971 1381; x_wconf 86' lang='lat' dir='ltr'><strong>seripse-</strong></span> 
     </span>
     <span class='ocr_line' id='line_1_17' title="bbox 171 1383 969 1448; baseline 0.003 -10"><span class='ocrx_word' id='word_1_113' title='bbox 171 1392 241 1448; x_wconf 84' lang='lat' dir='ltr'><strong>runt,</strong></span> <span class='ocrx_word' id='word_1_114' title='bbox 254 1383 309 1438; x_wconf 86' lang='lat' dir='ltr'><strong>dies</strong></span> <span class='ocrx_word' id='word_1_115' title='bbox 318 1384 455 1440; x_wconf 86' lang='lat' dir='ltr'><strong>eontinuos</strong></span> <span class='ocrx_word' id='word_1_116' title='bbox 465 1384 545 1441; x_wconf 83' lang='lat' dir='ltr'><strong>XXX</strong></span> <span class='ocrx_word' id='word_1_117' title='bbox 553 1384 604 1439; x_wconf 91' lang='lat' dir='ltr'><strong>sub</strong></span> <span class='ocrx_word' id='word_1_118' title='bbox 614 1383 709 1439; x_wconf 91' lang='lat' dir='ltr'><strong>bruma</strong></span> <span class='ocrx_word' id='word_1_119' title='bbox 719 1401 777 1438; x_wconf 87' lang='lat' dir='ltr'><strong>esse</strong></span> <span class='ocrx_word' id='word_1_120' title='bbox 785 1391 895 1438; x_wconf 85' lang='lat' dir='ltr'><strong>noctem.</strong></span> <span class='ocrx_word' id='word_1_121' title='bbox 910 1385 969 1440; x_wconf 85' lang='lat' dir='ltr'><strong>Noa</strong></span> 
     </span>
     <span class='ocr_line' id='line_1_18' title="bbox 172 1457 1023 1543; baseline 0.004 -31"><span class='ocrx_word' id='word_1_122' title='bbox 172 1457 238 1513; x_wconf 87' lang='lat' dir='ltr'><strong>nibil</strong></span> <span class='ocrx_word' id='word_1_123' title='bbox 247 1458 280 1514; x_wconf 93' lang='lat' dir='ltr'><strong>de</strong></span> <span class='ocrx_word' id='word_1_124' title='bbox 288 1475 319 1514; x_wconf 90' lang='lat' dir='ltr'><strong>eo</strong></span> <span class='ocrx_word' id='word_1_125' title='bbox 328 1459 583 1531; x_wconf 81' lang='lat' dir='ltr'><strong>percunctationibus</strong></span> <span class='ocrx_word' id='word_1_126' title='bbox 596 1458 797 1531; x_wconf 74' lang='lat' dir='ltr'><strong>reperiebamus,</strong></span> <span class='ocrx_word' id='word_1_127' title='bbox 818 1458 870 1513; x_wconf 88' lang='lat' dir='ltr'><strong>nisi</strong></span> <span class='ocrx_word' id='word_1_128' title='bbox 884 1461 969 1515; x_wconf 86' lang='lat' dir='ltr'><strong>oertis</strong></span> <span class='ocrx_word' id='word_1_129' title='bbox 1018 1486 1023 1543; x_wconf 48' lang='grc' dir='ltr'>ἱ</span> 
     </span>
     <span class='ocr_line' id='line_1_19' title="bbox 170 1532 965 1608; baseline 0 -18"><span class='ocrx_word' id='word_1_130' title='bbox 170 1552 203 1590; x_wconf 81' lang='lat' dir='ltr'><strong>ex</strong></span> <span class='ocrx_word' id='word_1_131' title='bbox 216 1552 284 1608; x_wconf 87' lang='lat' dir='ltr'><strong>aqua</strong></span> <span class='ocrx_word' id='word_1_132' title='bbox 296 1536 428 1591; x_wconf 80' lang='lat' dir='ltr'><strong>mensuris</strong></span> <span class='ocrx_word' id='word_1_133' title='bbox 440 1535 572 1592; x_wconf 87' lang='lat' dir='ltr'><strong>breviores</strong></span> <span class='ocrx_word' id='word_1_134' title='bbox 585 1551 650 1600; x_wconf 87' lang='lat' dir='ltr'><strong>esse,</strong></span> <span class='ocrx_word' id='word_1_135' title='bbox 671 1550 752 1605; x_wconf 89' lang='lat' dir='ltr'><strong>quam</strong></span> <span class='ocrx_word' id='word_1_136' title='bbox 767 1533 794 1588; x_wconf 90' lang='lat' dir='ltr'><strong>in</strong></span> <span class='ocrx_word' id='word_1_137' title='bbox 804 1532 965 1600; x_wconf 77' lang='lat' dir='ltr'><strong>matinanta,</strong></span> 
     </span>
     <span class='ocr_line' id='line_1_20' title="bbox 171 1606 969 1682; baseline 0 -18"><span class='ocrx_word' id='word_1_138' title='bbox 171 1619 258 1666; x_wconf 86' lang='lat' dir='ltr'><strong>noctes</strong></span> <span class='ocrx_word' id='word_1_139' title='bbox 269 1610 434 1666; x_wconf 85' lang='lat' dir='ltr'><strong>videbamus.</strong></span> <span class='ocrx_word' id='word_1_140' title='bbox 454 1611 539 1666; x_wconf 72' lang='lat' dir='ltr'><strong>liuius</strong></span> <span class='ocrx_word' id='word_1_141' title='bbox 553 1617 593 1665; x_wconf 88' lang='lat' dir='ltr'><strong>est</strong></span> <span class='ocrx_word' id='word_1_142' title='bbox 605 1607 741 1682; x_wconf 80' lang='lat' dir='ltr'><strong>longitudo</strong></span> <span class='ocrx_word' id='word_1_143' title='bbox 754 1606 850 1673; x_wconf 89' lang='lat' dir='ltr'><strong>lateris,</strong></span> <span class='ocrx_word' id='word_1_144' title='bbox 871 1616 903 1663; x_wconf 89' lang='lat' dir='ltr'><strong>ut</strong></span> <span class='ocrx_word' id='word_1_145' title='bbox 916 1608 969 1664; x_wconf 84' lang='lat' dir='ltr'><strong>lert</strong></span> 
     </span>
     <span class='ocr_line' id='line_1_21' title="bbox 171 1683 970 1758; baseline 0 -19"><span class='ocrx_word' id='word_1_146' title='bbox 171 1684 274 1740; x_wconf 87' lang='lat' dir='ltr'><strong>illorum</strong></span> <span class='ocrx_word' id='word_1_147' title='bbox 290 1685 387 1758; x_wconf 89' lang='lat' dir='ltr'><strong>opinio,</strong></span> <span class='ocrx_word' id='word_1_148' title='bbox 408 1685 471 1741; x_wconf 87' lang='lat' dir='ltr'><strong>DCC</strong></span> <span class='ocrx_word' id='word_1_149' title='bbox 485 1685 609 1740; x_wconf 85' lang='lat' dir='ltr'><strong>millium.</strong></span> <span class='ocrx_word' id='word_1_150' title='bbox 633 1683 749 1754; x_wconf 80' lang='lat' dir='ltr'><strong>Tertium</strong></span> <span class='ocrx_word' id='word_1_151' title='bbox 765 1691 806 1738; x_wconf 84' lang='lat' dir='ltr'><strong>est</strong></span> <span class='ocrx_word' id='word_1_152' title='bbox 817 1690 907 1738; x_wconf 87' lang='lat' dir='ltr'><strong>eontra</strong></span> <span class='ocrx_word' id='word_1_153' title='bbox 924 1703 970 1739; x_wconf 82' lang='lat' dir='ltr'><strong>ee-</strong></span> 
     </span>
     <span class='ocr_line' id='line_1_22' title="bbox 170 1757 969 1832; baseline 0.003 -18"><span class='ocrx_word' id='word_1_154' title='bbox 170 1761 347 1830; x_wconf 85' lang='lat' dir='ltr'><strong>ptemtriones,</strong></span> <span class='ocrx_word' id='word_1_155' title='bbox 363 1760 406 1814; x_wconf 88' lang='lat' dir='ltr'><strong>oui</strong></span> <span class='ocrx_word' id='word_1_156' title='bbox 415 1760 483 1832; x_wconf 90' lang='lat' dir='ltr'><strong>parti</strong></span> <span class='ocrx_word' id='word_1_157' title='bbox 493 1759 566 1814; x_wconf 88' lang='lat' dir='ltr'><strong>nulla</strong></span> <span class='ocrx_word' id='word_1_158' title='bbox 579 1765 619 1814; x_wconf 88' lang='lat' dir='ltr'><strong>est</strong></span> <span class='ocrx_word' id='word_1_159' title='bbox 631 1757 731 1813; x_wconf 85' lang='lat' dir='ltr'><strong>obiecta</strong></span> <span class='ocrx_word' id='word_1_160' title='bbox 743 1767 824 1826; x_wconf 87' lang='lat' dir='ltr'><strong>terra;</strong></span> <span class='ocrx_word' id='word_1_161' title='bbox 845 1757 892 1812; x_wconf 87' lang='lat' dir='ltr'><strong>sed</strong></span> <span class='ocrx_word' id='word_1_162' title='bbox 905 1759 969 1816; x_wconf 82' lang='lat' dir='ltr'><strong>eius</strong></span> 
     </span>
     <span class='ocr_line' id='line_1_23' title="bbox 170 1831 1023 1906; baseline 0.007 -20"><span class='ocrx_word' id='word_1_163' title='bbox 170 1833 284 1906; x_wconf 78' lang='lat' dir='ltr'><strong>angulus</strong></span> <span class='ocrx_word' id='word_1_164' title='bbox 304 1833 391 1888; x_wconf 87' lang='lat' dir='ltr'><strong>lateris</strong></span> <span class='ocrx_word' id='word_1_165' title='bbox 409 1834 525 1888; x_wconf 86' lang='lat' dir='ltr'><strong>maxime</strong></span> <span class='ocrx_word' id='word_1_166' title='bbox 538 1833 571 1888; x_wconf 91' lang='lat' dir='ltr'><strong>ad</strong></span> <span class='ocrx_word' id='word_1_167' title='bbox 582 1831 750 1890; x_wconf 88' lang='lat' dir='ltr'><strong>Germaniam</strong></span> <span class='ocrx_word' id='word_1_168' title='bbox 768 1839 880 1904; x_wconf 83' lang='lat' dir='ltr'><strong>spectat:</strong></span> <span class='ocrx_word' id='word_1_169' title='bbox 901 1832 970 1892; x_wconf 81' lang='lat' dir='ltr'><strong>linio</strong></span> <span class='ocrx_word' id='word_1_170' title='bbox 1021 1842 1023 1853; x_wconf 93' lang='lat'>&#39;</span> 
     </span>
     <span class='ocr_line' id='line_1_24' title="bbox 170 1907 970 1981; baseline 0.008 -21"><span class='ocrx_word' id='word_1_171' title='bbox 170 1908 253 1962; x_wconf 90' lang='lat' dir='ltr'><strong>millia</strong></span> <span class='ocrx_word' id='word_1_172' title='bbox 263 1925 390 1978; x_wconf 81' lang='lat' dir='ltr'><strong>passuum</strong></span> <span class='ocrx_word' id='word_1_173' title='bbox 400 1907 484 1963; x_wconf 87' lang='lat' dir='ltr'>DCCC</span> <span class='ocrx_word' id='word_1_174' title='bbox 495 1908 522 1962; x_wconf 90' lang='lat' dir='ltr'><strong>in</strong></span> <span class='ocrx_word' id='word_1_175' title='bbox 539 1908 728 1981; x_wconf 82' lang='lat' dir='ltr'><strong>longitudinem</strong></span> <span class='ocrx_word' id='word_1_176' title='bbox 741 1923 808 1973; x_wconf 87' lang='lat' dir='ltr'><strong>esse,</strong></span> <span class='ocrx_word' id='word_1_177' title='bbox 828 1908 970 1966; x_wconf 84' lang='lat' dir='ltr'><strong>existima-</strong></span> 
     </span>
     <span class='ocr_line' id='line_1_25' title="bbox 169 1980 970 2040; baseline 0.007 -6"><span class='ocrx_word' id='word_1_178' title='bbox 169 1991 222 2034; x_wconf 88' lang='lat' dir='ltr'><strong>tur.</strong></span> <span class='ocrx_word' id='word_1_179' title='bbox 243 1982 280 2036; x_wconf 90' lang='lat' dir='ltr'><strong>lta</strong></span> <span class='ocrx_word' id='word_1_180' title='bbox 289 1982 376 2036; x_wconf 90' lang='lat' dir='ltr'><strong>omnis</strong></span> <span class='ocrx_word' id='word_1_181' title='bbox 385 1980 472 2036; x_wconf 90' lang='lat' dir='ltr'><strong>insula</strong></span> <span class='ocrx_word' id='word_1_182' title='bbox 481 1990 519 2037; x_wconf 89' lang='lat' dir='ltr'><strong>est</strong></span> <span class='ocrx_word' id='word_1_183' title='bbox 529 1983 556 2037; x_wconf 92' lang='lat' dir='ltr'><strong>in</strong></span> <span class='ocrx_word' id='word_1_184' title='bbox 567 1983 676 2039; x_wconf 85' lang='lat' dir='ltr'><strong>eirouitn</strong></span> <span class='ocrx_word' id='word_1_185' title='bbox 689 1981 769 2037; x_wconf 83' lang='lat' dir='ltr'><strong>vicies</strong></span> <span class='ocrx_word' id='word_1_186' title='bbox 779 1990 887 2038; x_wconf 85' lang='lat' dir='ltr'><strong>eentum</strong></span> <span class='ocrx_word' id='word_1_187' title='bbox 902 1984 970 2040; x_wconf 91' lang='lat' dir='ltr'><strong>mil-</strong></span> 
     </span>
     <span class='ocr_line' id='line_1_26' title="bbox 169 2055 1025 2181; baseline 0.004 -73"><span class='ocrx_word' id='word_1_188' title='bbox 169 2055 236 2109; x_wconf 89' lang='lat' dir='ltr'><strong>lium</strong></span> <span class='ocrx_word' id='word_1_189' title='bbox 246 2071 383 2124; x_wconf 89' lang='lat' dir='ltr'><strong>passnum.</strong></span> <span class='ocrx_word' id='word_1_190' title='bbox 488 2105 493 2114; x_wconf 88' lang='lat'><em>.</em></span> <span class='ocrx_word' id='word_1_191' title='bbox 890 2079 900 2097; x_wconf 78' lang='lat'>=</span> <span class='ocrx_word' id='word_1_192' title='bbox 1022 2072 1025 2181; x_wconf 53' lang='lat' dir='ltr'><strong>p</strong></span> 
     </span>
     <span class='ocr_line' id='line_1_27' title="bbox 224 2129 967 2208; baseline 0.005 -23"><span class='ocrx_word' id='word_1_193' title='bbox 224 2129 295 2185; x_wconf 85' lang='lat' dir='ltr'>XIV.</span> <span class='ocrx_word' id='word_1_194' title='bbox 311 2130 357 2184; x_wconf 79' lang='lat' dir='ltr'><strong>lix</strong></span> <span class='ocrx_word' id='word_1_195' title='bbox 366 2129 409 2184; x_wconf 90' lang='lat' dir='ltr'><strong>his</strong></span> <span class='ocrx_word' id='word_1_196' title='bbox 418 2131 543 2187; x_wconf 90' lang='lat' dir='ltr'><strong>omnibns</strong></span> <span class='ocrx_word' id='word_1_197' title='bbox 554 2130 632 2206; x_wconf 76' lang='lat' dir='ltr'><strong>longe</strong></span> <span class='ocrx_word' id='word_1_198' title='bbox 641 2139 703 2187; x_wconf 88' lang='lat' dir='ltr'><strong>sunt</strong></span> <span class='ocrx_word' id='word_1_199' title='bbox 711 2129 967 2208; x_wconf 86' lang='lat' dir='ltr'><strong>humanissimi,qni</strong></span> 
     </span>
     <span class='ocr_line' id='line_1_28' title="bbox 170 2203 1028 2284; baseline 0.007 -24"><span class='ocrx_word' id='word_1_200' title='bbox 170 2203 292 2262; x_wconf 88' lang='lat' dir='ltr'><strong>Cantium</strong></span> <span class='ocrx_word' id='word_1_201' title='bbox 302 2203 428 2270; x_wconf 87' lang='lat' dir='ltr'><strong>ineolnnt,</strong></span> <span class='ocrx_word' id='word_1_202' title='bbox 443 2207 597 2281; x_wconf 79' lang='lat' dir='ltr'><strong>quaeregio</strong></span> <span class='ocrx_word' id='word_1_203' title='bbox 611 2207 899 2275; x_wconf 84' lang='lat' dir='ltr'><strong>estmaritimaomnis,</strong></span> <span class='ocrx_word' id='word_1_204' title='bbox 919 2227 969 2265; x_wconf 88' lang='lat' dir='ltr'><strong>ne-</strong></span> <span class='ocrx_word' id='word_1_205' title='bbox 1026 2245 1028 2284; x_wconf 82' lang='grc'>,</span> 
     </span>
     <span class='ocr_line' id='line_1_29' title="bbox 169 2278 1028 2353; baseline 0.007 -18"><span class='ocrx_word' id='word_1_206' title='bbox 169 2295 222 2353; x_wconf 87' lang='lat' dir='ltr'><strong>que</strong></span> <span class='ocrx_word' id='word_1_207' title='bbox 232 2278 346 2335; x_wconf 91' lang='lat' dir='ltr'><strong>multum</strong></span> <span class='ocrx_word' id='word_1_208' title='bbox 359 2297 374 2334; x_wconf 92' lang='lat' dir='ltr'><strong>a</strong></span> <span class='ocrx_word' id='word_1_209' title='bbox 388 2279 486 2335; x_wconf 83' lang='lat' dir='ltr'><strong>Galliae</strong></span> <span class='ocrx_word' id='word_1_210' title='bbox 501 2281 625 2336; x_wconf 78' lang='lat' dir='ltr'><strong>differunt</strong></span> <span class='ocrx_word' id='word_1_211' title='bbox 637 2281 835 2338; x_wconf 88' lang='lat' dir='ltr'><strong>eonsuetudine.</strong></span> <span class='ocrx_word' id='word_1_212' title='bbox 855 2283 971 2340; x_wconf 83' lang='lat' dir='ltr'><strong>laterio-</strong></span> <span class='ocrx_word' id='word_1_213' title='bbox 1027 2289 1028 2292; x_wconf 74' lang='grc'>’</span> 
     </span>
     <span class='ocr_line' id='line_1_30' title="bbox 170 2353 970 2429; baseline 0.008 -19"><span class='ocrx_word' id='word_1_214' title='bbox 170 2355 339 2429; x_wconf 85' lang='lat' dir='ltr'><strong>resplerique</strong></span> <span class='ocrx_word' id='word_1_215' title='bbox 348 2353 478 2412; x_wconf 78' lang='lat' dir='ltr'><strong>frumenta</strong></span> <span class='ocrx_word' id='word_1_216' title='bbox 488 2373 541 2412; x_wconf 95' lang='lat' dir='ltr'><strong>non</strong></span> <span class='ocrx_word' id='word_1_217' title='bbox 551 2363 650 2422; x_wconf 86' lang='lat' dir='ltr'><strong>serunt,</strong></span> <span class='ocrx_word' id='word_1_218' title='bbox 666 2355 714 2411; x_wconf 86' lang='lat' dir='ltr'><strong>sed</strong></span> <span class='ocrx_word' id='word_1_219' title='bbox 723 2356 787 2412; x_wconf 83' lang='lat' dir='ltr'><strong>laete</strong></span> <span class='ocrx_word' id='word_1_220' title='bbox 796 2365 911 2415; x_wconf 84' lang='lat' dir='ltr'><strong>atoarne</strong></span> <span class='ocrx_word' id='word_1_221' title='bbox 925 2361 970 2415; x_wconf 84' lang='lat' dir='ltr'><strong>vi·</strong></span> 
     </span>
     <span class='ocr_line' id='line_1_31' title="bbox 169 2429 968 2504; baseline 0.005 -18"><span class='ocrx_word' id='word_1_222' title='bbox 169 2439 237 2486; x_wconf 84' lang='lat' dir='ltr'><strong>vunt</strong></span> <span class='ocrx_word' id='word_1_223' title='bbox 248 2431 415 2504; x_wconf 86' lang='lat' dir='ltr'><strong>pellibusque</strong></span> <span class='ocrx_word' id='word_1_224' title='bbox 428 2438 492 2486; x_wconf 88' lang='lat' dir='ltr'><strong>aunt</strong></span> <span class='ocrx_word' id='word_1_225' title='bbox 503 2431 598 2486; x_wconf 88' lang='lat' dir='ltr'><strong>vestiti.</strong></span> <span class='ocrx_word' id='word_1_226' title='bbox 618 2429 716 2486; x_wconf 86' lang='lat' dir='ltr'><strong>Omnes</strong></span> <span class='ocrx_word' id='word_1_227' title='bbox 729 2448 791 2486; x_wconf 87' lang='lat' dir='ltr'><strong>vero</strong></span> <span class='ocrx_word' id='word_1_228' title='bbox 804 2447 834 2486; x_wconf 83' lang='lat' dir='ltr'><strong>se</strong></span> <span class='ocrx_word' id='word_1_229' title='bbox 846 2433 968 2490; x_wconf 80' lang='lat' dir='ltr'><strong>britanni</strong></span> 
     </span>
     <span class='ocr_line' id='line_1_32' title="bbox 169 2503 971 2583; baseline 0.01 -24"><span class='ocrx_word' id='word_1_230' title='bbox 169 2507 237 2560; x_wconf 86' lang='lat' dir='ltr'><strong>vitro</strong></span> <span class='ocrx_word' id='word_1_231' title='bbox 247 2506 375 2571; x_wconf 88' lang='lat' dir='ltr'><strong>inliciunt,</strong></span> <span class='ocrx_word' id='word_1_232' title='bbox 396 2505 469 2579; x_wconf 88' lang='lat' dir='ltr'><strong>quod</strong></span> <span class='ocrx_word' id='word_1_233' title='bbox 481 2504 627 2562; x_wconf 79' lang='lat' dir='ltr'><strong>caeruleum</strong></span> <span class='ocrx_word' id='word_1_234' title='bbox 637 2503 721 2561; x_wconf 65' lang='lat' dir='ltr'><strong>,elficit</strong></span> <span class='ocrx_word' id='word_1_235' title='bbox 737 2505 864 2562; x_wconf 89' lang='lat' dir='ltr'><strong>eolorem:</strong></span> <span class='ocrx_word' id='word_1_236' title='bbox 887 2518 971 2583; x_wconf 85' lang='lat' dir='ltr'><strong>atqua</strong></span> 
     </span>
     <span class='ocr_line' id='line_1_33' title="bbox 169 2578 971 2656; baseline 0.006 -22"><span class='ocrx_word' id='word_1_237' title='bbox 169 2579 370 2637; x_wconf 86' lang='lat' dir='ltr'><strong>hoohorridiore</strong></span> <span class='ocrx_word' id='word_1_238' title='bbox 379 2589 442 2637; x_wconf 89' lang='lat' dir='ltr'><strong>sunt</strong></span> <span class='ocrx_word' id='word_1_239' title='bbox 451 2581 578 2656; x_wconf 80' lang='lat' dir='ltr'><strong>inpugna</strong></span> <span class='ocrx_word' id='word_1_240' title='bbox 587 2579 725 2652; x_wconf 84' lang='lat' dir='ltr'><strong>adspectu:</strong></span> <span class='ocrx_word' id='word_1_241' title='bbox 745 2578 894 2653; x_wconf 87' lang='lat' dir='ltr'><strong>capilloque</strong></span> <span class='ocrx_word' id='word_1_242' title='bbox 904 2592 971 2641; x_wconf 88' lang='lat' dir='ltr'><strong>sunt</strong></span> 
     </span>
     <span class='ocr_line' id='line_1_34' title="bbox 169 2655 969 2732; baseline 0.004 -20"><span class='ocrx_word' id='word_1_243' title='bbox 169 2655 298 2726; x_wconf 81' lang='lat' dir='ltr'><strong>promisso</strong></span> <span class='ocrx_word' id='word_1_244' title='bbox 307 2656 466 2730; x_wconf 86' lang='lat' dir='ltr'><strong>atqneomni</strong></span> <span class='ocrx_word' id='word_1_245' title='bbox 475 2656 674 2730; x_wconf 85' lang='lat' dir='ltr'><strong>parteeorporia¹</strong></span> <span class='ocrx_word' id='word_1_246' title='bbox 686 2671 753 2721; x_wconf 88' lang='lat' dir='ltr'><strong>rasa,</strong></span> <span class='ocrx_word' id='word_1_247' title='bbox 773 2663 874 2726; x_wconf 87' lang='lat' dir='ltr'><strong>praeter</strong></span> <span class='ocrx_word' id='word_1_248' title='bbox 888 2667 969 2732; x_wconf 83' lang='lat' dir='ltr'><strong>eaput</strong></span> 
     </span>
    </p>
   </div>
   <div class='ocr_carea' id='block_1_4' title="bbox 0 0 1041 2998">
    <p class='ocr_par' dir='ltr' id='par_1_5' title="bbox 0 0 1041 2998">
     <span class='ocr_line' id='line_1_35' title="bbox 0 0 1041 2998; baseline 0 0"><span class='ocrx_word' id='word_1_249' title='bbox 0 0 1041 2998; x_wconf 95' lang='lat' dir='ltr'><strong> </strong></span> 
     </span>
    </p>
   </div>
  </div>
 </body>
</html>
