2064 2996
281 167 356 214 mu.
369 166 414 216 Ν.
445 169 525 217 ΟΑΡ,
539 170 581 218 ²4.
594 172 636 220 25.
825 174 858 226 85

56 266 128 332 dum,
139 265 201 322 dato
210 266 294 340 signo
304 274 330 323 et
339 265 453 323 sublatis
462 270 574 337 onustis,
588 265 691 327 circiter
702 273 786 330 millia
795 293 858 348 pss-

56 358 132 396 suum
141 341 191 398 v11
200 341 238 396 sb
248 359 279 396 eo
289 340 346 397 looo
354 359 523 417 progressus,
543 352 633 418 operto
646 363 676 402 so
689 346 770 418 plano
784 349 858 406 litore

55 433 133 472 naves
142 417 295 471 constituit.

104 491 210 546 XXIV.
230 489 267 545 At
284 490 401 556 barbari.
423 491 533 547 oonsilio
546 494 726 550 Romanorum
741 497 853 569 oognito.

51 565 200 637 praemisso
208 565 330 636 equitatu
340 572 366 620 et
372 565 519 631 essedariis
531 583 586 638 qno
594 567 754 642 plerumque
761 586 857 644 genere

52 641 80 694 in
99 639 210 711 proeliis
229 640 269 694 uti
290 646 460 705 masuerum,
481 640 591 712 reliquis
609 643 692 714 oopiis
709 644 854 711 subsecuti,
877 677 882 692 =

53 713 285 770 nostrosnuvibus
377 713 577 785 'prohibebunt
597 717 660 772 Erat
673 719 708 774 ob
720 719 857 790 basonus·
894 759 896 766 ι

52 786 300 842 sassummndilfio
330 794 385 852 tes,
405 787 479 859 quod
487 805 568 846 neves
577 799 683 864 propter
691 794 856 868 magnitudi-
894 795 896 800 '

53 879 122 928 nom,
144 861 202 917 nisi
221 861 250 916 in
269 860 336 928 ulto,
356 861 480 918 oonstitui
499 879 553 919 non
571 873 702 937 poterent3
723 868 855 924 militibus

52 944 141 992 autem
160 936 263 1011 ignotis
282 935 361 1002 loeis,
390 936 525 1018 impeditis
545 939 684 1008 manibus,
711 951 855 1018 magnust

52 1011 129 1140 gravi
146 1021 287 1066 armorum
296 1027 376 1067 onere
388 1011 533 1082 opproesis,
554 1013 636 1070 simul
653 1015 724 1072 etde
737 1018 853 1075 navibus

70 1084 243 1151 willeradum,
263 1083 462 1143 etinlluetibus
471 1087 678 1157 consistendum,
699 1098 795 1148 etcum
804 1092 854 1147 ho·
891 1113 894 1124 ·

52 1160 139 1216 stibus
148 1167 207 1216 erut
222 1159 416 1234 pugnandum:
436 1177 523 1232 quum
537 1161 577 1217 illi
590 1170 638 1219 sut
653 1181 688 1220 ex
699 1165 786 1232 arido,
807 1175 854 1221 sut

53 1233 206 1306 paullulum
216 1235 356 1307 inaquam
365 1235 506 1310 progressi,
527 1238 653 1294 omuibus
665 1242 793 1296 membris
806 1259 853 1296 sx-

54 1307 150 1380 pediti,
181 1309 330 1365 notissimis
348 1307 559 1366 loeisaudroter
580 1312 632 1368 telo
650 1315 808 1371 ooniicsrent
827 1323 853 1370 et

54 1383 304 1455 equosinsuefnotos
313 1383 462 1440 inoitnrent.
484 1385 588 1452 Quibus
601 1387 682 1444 rebus
695 1390 777 1446 nostri
792 1407 854 1461 per-

54 1458 149 1525 territi,
169 1465 250 1533 stque
266 1458 350 1516 huius
364 1458 474 1516 omnino
486 1461 591 1535 gennis
608 1477 714 1536 pugneo
726 1462 850 1535 imperiti,

53 1549 107 1590 non
115 1532 208 1590 endem
217 1533 353 1590 uluoritnte
364 1549 395 1590 eo
407 1535 504 1600 studio,
528 1551 583 1607 quo
596 1535 625 1591 in
638 1535 803 1608 pedestribus
813 1539 852 1593 uti

53 1607 158 1679 proeliis
166 1614 336 1674 oonsusrsnt.
352 1607 513 1665 nitebantur.

107 1683 194 1740 XXV.
213 1682 293 1750 Quod
310 1681 360 1738 ubi
378 1683 475 1738 Caesar
492 1683 613 1739 unimum
630 1683 750 1750 advertit,
771 1701 852 1740 naves

54 1755 155 1832 longus,
171 1773 289 1830 querum
301 1764 330 1812 et
338 1757 503 1828 sponsant
515 1757 636 1814 hurbsns
646 1758 807 1825 inusitatior.
827 1767 853 1815 et

54 1831 275 1888 motussdusum
284 1831 440 1903 expeditior,
461 1832 582 1904 poullum
596 1834 725 1890 removeri
740 1834 774 1890 nb
788 1849 852 1890 ono-

53 1907 129 1961 mriie
137 1907 255 1964 navibus
263 1913 290 1962 et
298 1905 381 1962 remis
396 1905 498 1962 inu'tuti
511 1914 537 1963 ot
545 1906 579 1963 etl
592 1907 661 1964 letus
674 1916 793 1982 oportum
803 1911 852 1966 ho·

54 1977 134 2036 stium
143 1981 278 2048 eonstitui‚
298 1979 559 2052 etqueiudefundis,
575 1983 687 2058 sagittis,
703 1987 848 2051 tormentis,

55 2055 140 2111 hostes
148 2055 261 2128 propelli
278 2071 312 2111 so
327 2054 481 2111 submoveri
494 2056 585 2112 iussit:
605 2073 675 2130 quse
692 2077 734 2115 res
752 2078 851 2135 magno

55 2130 115 2185 usui
124 2131 220 2186 nostris
230 2130 293 2186 luit.
324 2130 394 2198 Nam
402 2136 428 2184 et
440 2129 551 2186 nuvium
565 2129 659 2206 figuti,
681 2139 850 2192 strumosum

55 2205 312 2271 motu,etinusiteto
321 2220 418 2277 genero
426 2209 616 2262 tormentorum
624 2209 736 2279 permoti
745 2209 851 2266 herboni

54 2280 231 2347 eonstiterunt
248 2295 282 2335 no
297 2277 421 2350 paullum
435 2279 615 2352 modopsdem
629 2280 782 2338 mlerunt.
804 2282 852 2334 At-

55 2371 105 2426 que
123 2355 220 2411 nostris
238 2351 374 2410 militibus
393 2354 591 2422 minuentibus,
612 2357 730 2412 maxime
746 2362 852 2424 propter

56 2428 217 2486 altitudinem
236 2427 336 2493 meris,
370 2427 420 2498 qui
449 2428 566 2484 decimae
593 2428 705 2502 legionis
733 2427 851 2498 equilum

55 2501 150 2559 lerebnt
160 2508 337 2560 economus
349 2499 421 2568 deos.
436 2509 468 2558 ut
476 2520 506 2558 ee
515 2519 557 2558 res
567 2502 665 2575 legioni
673 2499 781 2554 feliciter
792 2517 853 2556 eve·

56 2576 132 2632 niret:
142 2541 260 2647 Ilsetltts,
272 2573 372 2648 inquit,
384 2580 576 2639 commilitones,
586 2579 639 2629 nist
648 2575 728 2628 vultis
736 2575 852 2641 aquilum

59 2652 302 2730 lotttlussrodsrs:
322 2666 369 2720 syo
381 2660 449 2707 oorts
456 2649 707 2717 msrtmrsipubltoos
716 2653 793 2714 atque
802 2663 854 2700 tm·
