<?xml version="1.0" encoding="UTF-8"?>
<!DOCTYPE html PUBLIC "-//W3C//DTD XHTML 1.0 Transitional//EN"
    "http://www.w3.org/TR/xhtml1/DTD/xhtml1-transitional.dtd">
<html xmlns="http://www.w3.org/1999/xhtml" xml:lang="en" lang="en">
 <head>
  <title>
</title>
<meta http-equiv="Content-Type" content="text/html;charset=utf-8" />
  <meta name='ocr-system' content='tesseract 3.04.00' />
  <meta name='ocr-capabilities' content='ocr_page ocr_carea ocr_par ocr_line ocrx_word'/>
</head>
<body>
  <div class='ocr_page' id='page_1' title='image "./ciuliicaesarisc04caesgoog_0107.png"; bbox 0 0 2072 2998; ppageno 0'>
   <div class='ocr_carea' id='block_1_1' title="bbox 178 171 760 224">
    <p class='ocr_par' dir='ltr' id='par_1_1' title="bbox 178 171 760 224">
     <span class='ocr_line' id='line_1_1' title="bbox 178 171 760 224; baseline 0 -2"><span class='ocrx_word' id='word_1_1' title='bbox 178 171 226 224; x_wconf 71' lang='grc'><strong>402</strong></span> <span class='ocrx_word' id='word_1_2' title='bbox 373 173 424 220; x_wconf 79' lang='grc' dir='ltr'><strong>ΒΕ</strong></span> <span class='ocrx_word' id='word_1_3' title='bbox 446 175 569 221; x_wconf 86' lang='lat' dir='ltr'><strong>BELLO</strong></span> <span class='ocrx_word' id='word_1_4' title='bbox 594 175 760 222; x_wconf 65' lang='lat' dir='ltr'><strong>olomeo</strong></span> 
     </span>
    </p>
   </div>
   <div class='ocr_carea' id='block_1_2' title="bbox 116 274 977 2065">
    <p class='ocr_par' dir='ltr' id='par_1_2' title="bbox 176 274 976 481">
     <span class='ocr_line' id='line_1_2' title="bbox 176 274 976 347; baseline 0.001 -17"><span class='ocrx_word' id='word_1_5' title='bbox 176 276 300 330; x_wconf 86' lang='lat' dir='ltr'><strong>liarentur</strong></span> <span class='ocrx_word' id='word_1_6' title='bbox 318 275 493 346; x_wconf 82' lang='lat' dir='ltr'><strong>stationesque</strong></span> <span class='ocrx_word' id='word_1_7' title='bbox 507 274 646 346; x_wconf 85' lang='lat' dir='ltr'><strong>dispositas</strong></span> <span class='ocrx_word' id='word_1_8' title='bbox 657 275 789 329; x_wconf 71' lang='lat' dir='ltr'><strong>¹haberent</strong></span> <span class='ocrx_word' id='word_1_9' title='bbox 805 283 885 347; x_wconf 86' lang='lat' dir='ltr'><strong>atque</strong></span> <span class='ocrx_word' id='word_1_10' title='bbox 905 275 976 332; x_wconf 86' lang='lat' dir='ltr'><strong>alios</strong></span> 
     </span>
     <span class='ocr_line' id='line_1_3' title="bbox 176 349 976 425; baseline 0.003 -21"><span class='ocrx_word' id='word_1_11' title='bbox 176 350 220 405; x_wconf 90' lang='lat' dir='ltr'><strong>alii</strong></span> <span class='ocrx_word' id='word_1_12' title='bbox 230 349 350 421; x_wconf 85' lang='lat' dir='ltr'><strong>deiuoeps</strong></span> <span class='ocrx_word' id='word_1_13' title='bbox 359 351 506 421; x_wconf 70' lang='lat' dir='ltr'><strong>exciperem</strong></span> <span class='ocrx_word' id='word_1_14' title='bbox 514 350 694 422; x_wconf 81' lang='lat' dir='ltr'><strong>Integriquoet</strong></span> <span class='ocrx_word' id='word_1_15' title='bbox 702 349 976 425; x_wconf 75' lang='lat' dir='ltr'><strong>recentesdeIatIgatis</strong></span> 
     </span>
     <span class='ocr_line' id='line_1_4' title="bbox 176 425 532 481; baseline -0.006 -1"><span class='ocrx_word' id='word_1_16' title='bbox 176 425 352 481; x_wconf 79' lang='lat' dir='ltr'><strong>succederent.</strong></span> <span class='ocrx_word' id='word_1_17' title='bbox 527 433 532 440; x_wconf 94' lang='grc'><strong>’</strong></span> 
     </span>
    </p>

    <p class='ocr_par' dir='ltr' id='par_1_3' title="bbox 116 497 976 1678">
     <span class='ocr_line' id='line_1_5' title="bbox 231 497 976 570; baseline 0 -16"><span class='ocrx_word' id='word_1_18' title='bbox 231 501 314 555; x_wconf 89' lang='lat' dir='ltr'><strong>XVII.</strong></span> <span class='ocrx_word' id='word_1_19' title='bbox 334 501 437 553; x_wconf 88' lang='lat' dir='ltr'><strong>Postero</strong></span> <span class='ocrx_word' id='word_1_20' title='bbox 453 498 496 552; x_wconf 87' lang='lat' dir='ltr'><strong>die</strong></span> <span class='ocrx_word' id='word_1_21' title='bbox 510 497 600 570; x_wconf 82' lang='lat' dir='ltr'><strong>procul</strong></span> <span class='ocrx_word' id='word_1_22' title='bbox 613 515 630 552; x_wconf 88' lang='lat' dir='ltr'><strong>a</strong></span> <span class='ocrx_word' id='word_1_23' title='bbox 642 497 734 552; x_wconf 85' lang='lat' dir='ltr'><strong>castris</strong></span> <span class='ocrx_word' id='word_1_24' title='bbox 752 497 840 552; x_wconf 87' lang='lat' dir='ltr'><strong>hostes</strong></span> <span class='ocrx_word' id='word_1_25' title='bbox 853 497 881 552; x_wconf 90' lang='lat' dir='ltr'><strong>in</strong></span> <span class='ocrx_word' id='word_1_26' title='bbox 895 499 976 554; x_wconf 77' lang='lat' dir='ltr'><strong>colli-</strong></span> 
     </span>
     <span class='ocr_line' id='line_1_6' title="bbox 176 572 974 645; baseline -0.001 -15"><span class='ocrx_word' id='word_1_27' title='bbox 176 577 227 630; x_wconf 89' lang='lat' dir='ltr'><strong>bus</strong></span> <span class='ocrx_word' id='word_1_28' title='bbox 235 574 406 630; x_wconf 76' lang='lat' dir='ltr'><strong>constiterunt</strong></span> <span class='ocrx_word' id='word_1_29' title='bbox 419 573 522 644; x_wconf 86' lang='lat' dir='ltr'><strong>rarique</strong></span> <span class='ocrx_word' id='word_1_30' title='bbox 535 589 563 626; x_wconf 89' lang='lat' dir='ltr'><strong>se</strong></span> <span class='ocrx_word' id='word_1_31' title='bbox 577 572 711 627; x_wconf 86' lang='lat' dir='ltr'><strong>ostendere</strong></span> <span class='ocrx_word' id='word_1_32' title='bbox 724 582 750 626; x_wconf 89' lang='lat' dir='ltr'><strong>et</strong></span> <span class='ocrx_word' id='word_1_33' title='bbox 767 572 863 636; x_wconf 71' lang='lat' dir='ltr'><strong>lenitis¹</strong></span> <span class='ocrx_word' id='word_1_34' title='bbox 886 590 974 645; x_wconf 85' lang='lat' dir='ltr'><strong>quam</strong></span> 
     </span>
     <span class='ocr_line' id='line_1_7' title="bbox 175 646 974 724; baseline 0 -20"><span class='ocrx_word' id='word_1_35' title='bbox 175 650 269 724; x_wconf 77' lang='lat' dir='ltr'>pridie,</span> <span class='ocrx_word' id='word_1_36' title='bbox 281 656 382 702; x_wconf 90' lang='lat' dir='ltr'><strong>nostros</strong></span> <span class='ocrx_word' id='word_1_37' title='bbox 391 649 490 719; x_wconf 78' lang='lat' dir='ltr'>equites</span> <span class='ocrx_word' id='word_1_38' title='bbox 502 646 598 718; x_wconf 83' lang='lat' dir='ltr'><strong>proella</strong></span> <span class='ocrx_word' id='word_1_39' title='bbox 612 647 736 701; x_wconf 70' lang='lat' dir='ltr'><strong>lacessere</strong></span> <span class='ocrx_word' id='word_1_40' title='bbox 746 653 898 718; x_wconf 82' lang='lat' dir='ltr'><strong>coeperunt.</strong></span> <span class='ocrx_word' id='word_1_41' title='bbox 920 648 974 704; x_wconf 85' lang='lat' dir='ltr'><strong>Sed</strong></span> 
     </span>
     <span class='ocr_line' id='line_1_8' title="bbox 176 717 976 795; baseline -0.001 -16"><span class='ocrx_word' id='word_1_42' title='bbox 176 724 293 786; x_wconf 83' lang='lat' dir='ltr'><strong>meridie,</strong></span> <span class='ocrx_word' id='word_1_43' title='bbox 313 739 397 794; x_wconf 90' lang='lat' dir='ltr'><strong>quum</strong></span> <span class='ocrx_word' id='word_1_44' title='bbox 412 723 506 776; x_wconf 81' lang='lat' dir='ltr'><strong>Caesar</strong></span> <span class='ocrx_word' id='word_1_45' title='bbox 524 717 665 794; x_wconf 86' lang='lat' dir='ltr'><strong>pabulandi</strong></span> <span class='ocrx_word' id='word_1_46' title='bbox 680 735 772 776; x_wconf 86' lang='lat' dir='ltr'><strong>caussa</strong></span> <span class='ocrx_word' id='word_1_47' title='bbox 786 731 838 775; x_wconf 83' lang='lat' dir='ltr'><strong>tres</strong></span> <span class='ocrx_word' id='word_1_48' title='bbox 853 720 976 795; x_wconf 76' lang='lat' dir='ltr'><strong>legiones</strong></span> 
     </span>
     <span class='ocr_line' id='line_1_9' title="bbox 177 795 976 870; baseline -0.003 -16"><span class='ocrx_word' id='word_1_49' title='bbox 177 809 255 870; x_wconf 85' lang='lat' dir='ltr'><strong>atque</strong></span> <span class='ocrx_word' id='word_1_50' title='bbox 263 813 368 851; x_wconf 90' lang='lat' dir='ltr'><strong>omnem</strong></span> <span class='ocrx_word' id='word_1_51' title='bbox 379 798 523 868; x_wconf 76' lang='lat' dir='ltr'><strong>equitatum</strong></span> <span class='ocrx_word' id='word_1_52' title='bbox 531 813 593 850; x_wconf 89' lang='lat' dir='ltr'><strong>curn</strong></span> <span class='ocrx_word' id='word_1_53' title='bbox 604 795 634 851; x_wconf 91' lang='lat' dir='ltr'><strong>C.</strong></span> <span class='ocrx_word' id='word_1_54' title='bbox 646 797 773 850; x_wconf 81' lang='lat' dir='ltr'><strong>Trebonio</strong></span> <span class='ocrx_word' id='word_1_55' title='bbox 783 796 866 869; x_wconf 73' lang='lat' dir='ltr'><strong>legato</strong></span> <span class='ocrx_word' id='word_1_56' title='bbox 879 798 976 852; x_wconf 86' lang='lat' dir='ltr'><strong>misis-</strong></span> 
     </span>
     <span class='ocr_line' id='line_1_10' title="bbox 177 871 976 943; baseline 0 -17"><span class='ocrx_word' id='word_1_57' title='bbox 177 881 225 936; x_wconf 87' lang='lat' dir='ltr'><strong>set,</strong></span> <span class='ocrx_word' id='word_1_58' title='bbox 237 879 341 943; x_wconf 87' lang='lat' dir='ltr'><strong>repente</strong></span> <span class='ocrx_word' id='word_1_59' title='bbox 350 887 383 925; x_wconf 91' lang='lat' dir='ltr'><strong>ex</strong></span> <span class='ocrx_word' id='word_1_60' title='bbox 393 873 517 926; x_wconf 88' lang='lat' dir='ltr'><strong>omnibus</strong></span> <span class='ocrx_word' id='word_1_61' title='bbox 530 871 648 942; x_wconf 76' lang='lat' dir='ltr'><strong>partibus</strong></span> <span class='ocrx_word' id='word_1_62' title='bbox 663 871 694 924; x_wconf 89' lang='lat' dir='ltr'><strong>ad</strong></span> <span class='ocrx_word' id='word_1_63' title='bbox 711 871 875 942; x_wconf 76' lang='lat' dir='ltr'><strong>pabulatores</strong></span> <span class='ocrx_word' id='word_1_64' title='bbox 888 872 976 926; x_wconf 85' lang='lat' dir='ltr'><strong>advo-</strong></span> 
     </span>
     <span class='ocr_line' id='line_1_11' title="bbox 177 945 976 1019; baseline 0 -18"><span class='ocrx_word' id='word_1_65' title='bbox 177 947 304 1010; x_wconf 76' lang='lat' dir='ltr'><strong>laverunt,</strong></span> <span class='ocrx_word' id='word_1_66' title='bbox 323 947 370 1010; x_wconf 88' lang='lat' dir='ltr'><strong>sic‚</strong></span> <span class='ocrx_word' id='word_1_67' title='bbox 392 946 429 999; x_wconf 88' lang='lat' dir='ltr'><strong>uti</strong></span> <span class='ocrx_word' id='word_1_68' title='bbox 443 947 476 1000; x_wconf 91' lang='lat' dir='ltr'><strong>ab</strong></span> <span class='ocrx_word' id='word_1_69' title='bbox 490 947 575 1018; x_wconf 78' lang='lat' dir='ltr'><strong>sIgnIs</strong></span> <span class='ocrx_word' id='word_1_70' title='bbox 588 945 787 1019; x_wconf 83' lang='lat' dir='ltr'><strong>legionibusque</strong></span> <span class='ocrx_word' id='word_1_71' title='bbox 796 961 849 1000; x_wconf 87' lang='lat' dir='ltr'><strong>non</strong></span> <span class='ocrx_word' id='word_1_72' title='bbox 859 946 976 1002; x_wconf 84' lang='lat' dir='ltr'><strong>absiste-</strong></span> 
     </span>
     <span class='ocr_line' id='line_1_12' title="bbox 177 1019 975 1092; baseline 0.001 -17"><span class='ocrx_word' id='word_1_73' title='bbox 177 1029 243 1075; x_wconf 88' lang='lat' dir='ltr'><strong>rent.</strong></span> <span class='ocrx_word' id='word_1_74' title='bbox 264 1021 359 1086; x_wconf 80' lang='lat' dir='ltr'><strong>Nostri,</strong></span> <span class='ocrx_word' id='word_1_75' title='bbox 371 1021 462 1074; x_wconf 84' lang='lat' dir='ltr'><strong>acriter</strong></span> <span class='ocrx_word' id='word_1_76' title='bbox 471 1021 498 1074; x_wconf 86' lang='lat' dir='ltr'><strong>iu</strong></span> <span class='ocrx_word' id='word_1_77' title='bbox 508 1037 551 1075; x_wconf 89' lang='lat' dir='ltr'><strong>eos</strong></span> <span class='ocrx_word' id='word_1_78' title='bbox 562 1021 661 1092; x_wconf 80' lang='lat' dir='ltr'><strong>Impetu</strong></span> <span class='ocrx_word' id='word_1_79' title='bbox 671 1019 744 1081; x_wconf 82' lang='lat' dir='ltr'><strong>facto.</strong></span> <span class='ocrx_word' id='word_1_80' title='bbox 755 1019 917 1092; x_wconf 80' lang='lat' dir='ltr'><strong>repulerunt.</strong></span> <span class='ocrx_word' id='word_1_81' title='bbox 925 1040 975 1076; x_wconf 88' lang='lat' dir='ltr'><strong>ne-</strong></span> 
     </span>
     <span class='ocr_line' id='line_1_13' title="bbox 116 1091 974 1168; baseline 0.003 -19"><span class='ocrx_word' id='word_1_82' title='bbox 116 1122 122 1130; x_wconf 60' lang='lat'><em>1</em></span> <span class='ocrx_word' id='word_1_83' title='bbox 177 1113 229 1168; x_wconf 88' lang='lat' dir='ltr'><strong>que</strong></span> <span class='ocrx_word' id='word_1_84' title='bbox 247 1093 327 1149; x_wconf 84' lang='lat' dir='ltr'><strong>finem</strong></span> <span class='ocrx_word' id='word_1_85' title='bbox 346 1091 472 1167; x_wconf 89' lang='lat' dir='ltr'><strong>sequendi</strong></span> <span class='ocrx_word' id='word_1_86' title='bbox 490 1094 613 1160; x_wconf 82' lang='lat' dir='ltr'><strong>fecerunt,</strong></span> <span class='ocrx_word' id='word_1_87' title='bbox 634 1095 722 1168; x_wconf 88' lang='lat' dir='ltr'><strong>quoad</strong></span> <span class='ocrx_word' id='word_1_88' title='bbox 741 1094 860 1150; x_wconf 88' lang='lat' dir='ltr'><strong>subsidio</strong></span> <span class='ocrx_word' id='word_1_89' title='bbox 877 1097 974 1152; x_wconf 82' lang='lat' dir='ltr'><strong>confisi</strong></span> 
     </span>
     <span class='ocr_line' id='line_1_14' title="bbox 177 1169 975 1247; baseline 0.001 -22"><span class='ocrx_word' id='word_1_90' title='bbox 177 1170 277 1247; x_wconf 79' lang='lat' dir='ltr'><strong>equites</strong></span> <span class='ocrx_word' id='word_1_91' title='bbox 288 1187 372 1242; x_wconf 91' lang='lat' dir='ltr'><strong>quum</strong></span> <span class='ocrx_word' id='word_1_92' title='bbox 381 1177 440 1242; x_wconf 89' lang='lat' dir='ltr'><strong>post</strong></span> <span class='ocrx_word' id='word_1_93' title='bbox 449 1185 477 1224; x_wconf 87' lang='lat' dir='ltr'><strong>se</strong></span> <span class='ocrx_word' id='word_1_94' title='bbox 488 1169 602 1242; x_wconf 81' lang='lat' dir='ltr'><strong>legiones</strong></span> <span class='ocrx_word' id='word_1_95' title='bbox 611 1171 737 1234; x_wconf 83' lang='lat' dir='ltr'><strong>viderent,</strong></span> <span class='ocrx_word' id='word_1_96' title='bbox 755 1170 909 1241; x_wconf 73' lang='lat' dir='ltr'><strong>prachpitee</strong></span> <span class='ocrx_word' id='word_1_97' title='bbox 923 1171 975 1226; x_wconf 93' lang='lat' dir='ltr'><strong>ho-</strong></span> 
     </span>
     <span class='ocr_line' id='line_1_15' title="bbox 177 1244 974 1318; baseline 0 -18"><span class='ocrx_word' id='word_1_98' title='bbox 177 1255 230 1300; x_wconf 86' lang='lat' dir='ltr'><strong>stes</strong></span> <span class='ocrx_word' id='word_1_99' title='bbox 239 1253 362 1318; x_wconf 78' lang='lat' dir='ltr'><strong>egerunt:</strong></span> <span class='ocrx_word' id='word_1_100' title='bbox 383 1260 531 1317; x_wconf 81' lang='lat' dir='ltr'><strong>magnoque</strong></span> <span class='ocrx_word' id='word_1_101' title='bbox 543 1261 634 1299; x_wconf 90' lang='lat' dir='ltr'><strong>eorum</strong></span> <span class='ocrx_word' id='word_1_102' title='bbox 648 1261 756 1300; x_wconf 86' lang='lat' dir='ltr'><strong>numero</strong></span> <span class='ocrx_word' id='word_1_103' title='bbox 765 1244 907 1309; x_wconf 86' lang='lat' dir='ltr'><strong>interfecto,</strong></span> <span class='ocrx_word' id='word_1_104' title='bbox 924 1264 974 1300; x_wconf 90' lang='lat' dir='ltr'><strong>ne-</strong></span> 
     </span>
     <span class='ocr_line' id='line_1_16' title="bbox 176 1319 975 1394; baseline 0.003 -20"><span class='ocrx_word' id='word_1_105' title='bbox 176 1337 230 1392; x_wconf 88' lang='lat' dir='ltr'><strong>que</strong></span> <span class='ocrx_word' id='word_1_106' title='bbox 239 1320 281 1374; x_wconf 88' lang='lat' dir='ltr'><strong>eui</strong></span> <span class='ocrx_word' id='word_1_107' title='bbox 290 1319 438 1394; x_wconf 80' lang='lat' dir='ltr'><strong>colligendi,</strong></span> <span class='ocrx_word' id='word_1_108' title='bbox 452 1335 536 1390; x_wconf 89' lang='lat' dir='ltr'><strong>neque</strong></span> <span class='ocrx_word' id='word_1_109' title='bbox 544 1320 712 1383; x_wconf 72' lang='lat' dir='ltr'><strong>consistendi</strong></span> <span class='ocrx_word' id='word_1_110' title='bbox 722 1329 766 1374; x_wconf 89' lang='lat' dir='ltr'><strong>aut</strong></span> <span class='ocrx_word' id='word_1_111' title='bbox 775 1335 807 1374; x_wconf 86' lang='lat' dir='ltr'><strong>ex</strong></span> <span class='ocrx_word' id='word_1_112' title='bbox 817 1319 918 1374; x_wconf 77' lang='lat' dir='ltr'><strong>essedis</strong></span> <span class='ocrx_word' id='word_1_113' title='bbox 925 1321 975 1376; x_wconf 80' lang='lat' dir='ltr'><strong>de·</strong></span> 
     </span>
     <span class='ocr_line' id='line_1_17' title="bbox 177 1393 973 1467; baseline 0.001 -17"><span class='ocrx_word' id='word_1_114' title='bbox 177 1393 282 1450; x_wconf 82' lang='lat' dir='ltr'><strong>sIIIendi</strong></span> <span class='ocrx_word' id='word_1_115' title='bbox 300 1395 446 1450; x_wconf 82' lang='lat' dir='ltr'><strong>facultatem</strong></span> <span class='ocrx_word' id='word_1_116' title='bbox 461 1393 596 1449; x_wconf 87' lang='lat' dir='ltr'><strong>dederunt.</strong></span> <span class='ocrx_word' id='word_1_117' title='bbox 623 1396 665 1449; x_wconf 87' lang='lat' dir='ltr'><strong>Ex</strong></span> <span class='ocrx_word' id='word_1_118' title='bbox 687 1395 736 1448; x_wconf 86' lang='lat' dir='ltr'><strong>hac</strong></span> <span class='ocrx_word' id='word_1_119' title='bbox 754 1393 815 1467; x_wconf 82' lang='lat' dir='ltr'><strong>luga</strong></span> <span class='ocrx_word' id='word_1_120' title='bbox 838 1395 973 1466; x_wconf 89' lang='lat' dir='ltr'><strong>protinus,</strong></span> 
     </span>
     <span class='ocr_line' id='line_1_18' title="bbox 177 1469 976 1543; baseline 0.001 -17"><span class='ocrx_word' id='word_1_121' title='bbox 177 1469 371 1543; x_wconf 85' lang='lat' dir='ltr'><strong>quacunquuc</strong></span> <span class='ocrx_word' id='word_1_122' title='bbox 380 1479 561 1534; x_wconf 84' lang='lat' dir='ltr'><strong>convenerant,</strong></span> <span class='ocrx_word' id='word_1_123' title='bbox 574 1469 671 1524; x_wconf 86' lang='lat' dir='ltr'><strong>auxilia</strong></span> <span class='ocrx_word' id='word_1_124' title='bbox 681 1469 869 1525; x_wconf 84' lang='lat' dir='ltr'><strong>discesserunt:</strong></span> <span class='ocrx_word' id='word_1_125' title='bbox 884 1487 976 1542; x_wconf 86' lang='lat' dir='ltr'><strong>neque</strong></span> 
     </span>
     <span class='ocr_line' id='line_1_19' title="bbox 177 1544 976 1619; baseline -0.003 -17"><span class='ocrx_word' id='word_1_126' title='bbox 177 1555 236 1618; x_wconf 88' lang='lat' dir='ltr'><strong>post</strong></span> <span class='ocrx_word' id='word_1_127' title='bbox 245 1545 273 1602; x_wconf 92' lang='lat' dir='ltr'><strong>id</strong></span> <span class='ocrx_word' id='word_1_128' title='bbox 282 1555 385 1619; x_wconf 81' lang='lat' dir='ltr'><strong>tempus</strong></span> <span class='ocrx_word' id='word_1_129' title='bbox 399 1563 528 1618; x_wconf 87' lang='lat' dir='ltr'><strong>umquam</strong></span> <span class='ocrx_word' id='word_1_130' title='bbox 541 1546 655 1600; x_wconf 90' lang='lat' dir='ltr'><strong>summis</strong></span> <span class='ocrx_word' id='word_1_131' title='bbox 669 1544 805 1602; x_wconf 89' lang='lat' dir='ltr'><strong>nobiscum</strong></span> <span class='ocrx_word' id='word_1_132' title='bbox 820 1544 903 1616; x_wconf 86' lang='lat' dir='ltr'><strong>copiis</strong></span> <span class='ocrx_word' id='word_1_133' title='bbox 923 1545 976 1600; x_wconf 93' lang='lat' dir='ltr'><strong>ho-</strong></span> 
     </span>
     <span class='ocr_line' id='line_1_20' title="bbox 178 1622 435 1678; baseline -0.004 -1"><span class='ocrx_word' id='word_1_134' title='bbox 178 1632 230 1678; x_wconf 82' lang='lat' dir='ltr'><strong>stes</strong></span> <span class='ocrx_word' id='word_1_135' title='bbox 239 1622 435 1677; x_wconf 85' lang='lat' dir='ltr'><strong>contenderunt.</strong></span> 
     </span>
    </p>

    <p class='ocr_par' dir='ltr' id='par_1_4' title="bbox 177 1692 977 2065">
     <span class='ocr_line' id='line_1_21' title="bbox 232 1692 975 1768; baseline -0.004 -16"><span class='ocrx_word' id='word_1_136' title='bbox 232 1697 325 1752; x_wconf 89' lang='lat' dir='ltr'><strong>XVIII.</strong></span> <span class='ocrx_word' id='word_1_137' title='bbox 344 1697 446 1758; x_wconf 82' lang='lat' dir='ltr'><strong>Caesar.</strong></span> <span class='ocrx_word' id='word_1_138' title='bbox 467 1694 571 1768; x_wconf 76' lang='lat' dir='ltr'><strong>cognito</strong></span> <span class='ocrx_word' id='word_1_139' title='bbox 584 1692 693 1748; x_wconf 88' lang='lat' dir='ltr'><strong>consili0</strong></span> <span class='ocrx_word' id='word_1_140' title='bbox 704 1709 806 1755; x_wconf 85' lang='lat' dir='ltr'><strong>eorum,</strong></span> <span class='ocrx_word' id='word_1_141' title='bbox 827 1693 860 1747; x_wconf 88' lang='lat' dir='ltr'><strong>ad</strong></span> <span class='ocrx_word' id='word_1_142' title='bbox 871 1692 975 1750; x_wconf 89' lang='lat' dir='ltr'><strong>llumen</strong></span> 
     </span>
     <span class='ocr_line' id='line_1_22' title="bbox 177 1767 977 1842; baseline 0.001 -18"><span class='ocrx_word' id='word_1_143' title='bbox 177 1771 299 1826; x_wconf 87' lang='lat' dir='ltr'><strong>TamesIn</strong></span> <span class='ocrx_word' id='word_1_144' title='bbox 308 1772 337 1825; x_wconf 90' lang='lat' dir='ltr'><strong>in</strong></span> <span class='ocrx_word' id='word_1_145' title='bbox 348 1772 413 1825; x_wconf 80' lang='lat' dir='ltr'><strong>fines</strong></span> <span class='ocrx_word' id='word_1_146' title='bbox 427 1768 615 1825; x_wconf 86' lang='lat' dir='ltr'><strong>Cassivellauni</strong></span> <span class='ocrx_word' id='word_1_147' title='bbox 629 1769 771 1823; x_wconf 85' lang='lat' dir='ltr'><strong>exercitum</strong></span> <span class='ocrx_word' id='word_1_148' title='bbox 786 1767 877 1835; x_wconf 69' lang='lat' dir='ltr'><strong>duxit,</strong></span> <span class='ocrx_word' id='word_1_149' title='bbox 897 1770 977 1842; x_wconf 89' lang='lat' dir='ltr'><strong>quod</strong></span> 
     </span>
     <span class='ocr_line' id='line_1_23' title="bbox 177 1843 976 1915; baseline 0 -16"><span class='ocrx_word' id='word_1_150' title='bbox 177 1845 275 1900; x_wconf 81' lang='lat' dir='ltr'><strong>ilrimen</strong></span> <span class='ocrx_word' id='word_1_151' title='bbox 285 1861 339 1900; x_wconf 87' lang='lat' dir='ltr'><strong>uno</strong></span> <span class='ocrx_word' id='word_1_152' title='bbox 348 1845 456 1899; x_wconf 89' lang='lat' dir='ltr'><strong>omnino</strong></span> <span class='ocrx_word' id='word_1_153' title='bbox 467 1844 522 1898; x_wconf 88' lang='lat' dir='ltr'><strong>Ioco</strong></span> <span class='ocrx_word' id='word_1_154' title='bbox 529 1843 649 1914; x_wconf 83' lang='lat' dir='ltr'><strong>pedibus,</strong></span> <span class='ocrx_word' id='word_1_155' title='bbox 657 1843 877 1915; x_wconf 81' lang='lat' dir='ltr'><strong>atquehocaegre,</strong></span> <span class='ocrx_word' id='word_1_156' title='bbox 884 1851 976 1899; x_wconf 86' lang='lat' dir='ltr'><strong>trans·</strong></span> 
     </span>
     <span class='ocr_line' id='line_1_24' title="bbox 177 1917 975 1990; baseline 0.003 -18"><span class='ocrx_word' id='word_1_157' title='bbox 177 1921 211 1973; x_wconf 91' lang='lat' dir='ltr'><strong>iri</strong></span> <span class='ocrx_word' id='word_1_158' title='bbox 220 1928 310 1989; x_wconf 76' lang='lat' dir='ltr'><strong>potest.</strong></span> <span class='ocrx_word' id='word_1_159' title='bbox 331 1921 368 1974; x_wconf 87' lang='lat' dir='ltr'><strong>Eo</strong></span> <span class='ocrx_word' id='word_1_160' title='bbox 377 1935 461 1990; x_wconf 88' lang='lat' dir='ltr'><strong>quum</strong></span> <span class='ocrx_word' id='word_1_161' title='bbox 471 1919 593 1984; x_wconf 84' lang='lat' dir='ltr'><strong>venisset,</strong></span> <span class='ocrx_word' id='word_1_162' title='bbox 605 1919 724 1972; x_wconf 84' lang='lat' dir='ltr'><strong>anirnum</strong></span> <span class='ocrx_word' id='word_1_163' title='bbox 733 1917 852 1982; x_wconf 80' lang='lat' dir='ltr'><strong>aduertit,</strong></span> <span class='ocrx_word' id='word_1_164' title='bbox 865 1917 896 1972; x_wconf 90' lang='lat' dir='ltr'><strong>ad</strong></span> <span class='ocrx_word' id='word_1_165' title='bbox 908 1918 975 1974; x_wconf 85' lang='lat' dir='ltr'><strong>alte-</strong></span> 
     </span>
     <span class='ocr_line' id='line_1_25' title="bbox 177 1991 977 2065; baseline 0.003 -19"><span class='ocrx_word' id='word_1_166' title='bbox 177 2009 233 2047; x_wconf 85' lang='lat' dir='ltr'><strong>ram</strong></span> <span class='ocrx_word' id='word_1_167' title='bbox 244 1991 362 2046; x_wconf 86' lang='lat' dir='ltr'><strong>IIumInis</strong></span> <span class='ocrx_word' id='word_1_168' title='bbox 371 1993 455 2064; x_wconf 86' lang='lat' dir='ltr'><strong>rIpam</strong></span> <span class='ocrx_word' id='word_1_169' title='bbox 465 2009 575 2065; x_wconf 82' lang='lat' dir='ltr'><strong>magnas</strong></span> <span class='ocrx_word' id='word_1_170' title='bbox 584 2009 641 2048; x_wconf 86' lang='lat' dir='ltr'><strong>esse</strong></span> <span class='ocrx_word' id='word_1_171' title='bbox 649 1993 736 2063; x_wconf 83' lang='lat' dir='ltr'><strong>coplas</strong></span> <span class='ocrx_word' id='word_1_172' title='bbox 745 1992 861 2046; x_wconf 88' lang='lat' dir='ltr'><strong>hostium</strong></span> <span class='ocrx_word' id='word_1_173' title='bbox 871 1993 977 2048; x_wconf 86' lang='lat' dir='ltr'><strong>Instru-</strong></span> 
     </span>
    </p>
   </div>
   <div class='ocr_carea' id='block_1_3' title="bbox 177 2067 1021 2141">
    <p class='ocr_par' dir='ltr' id='par_1_5' title="bbox 177 2067 1021 2141">
     <span class='ocr_line' id='line_1_26' title="bbox 177 2067 1021 2141; baseline 0.002 -20"><span class='ocrx_word' id='word_1_174' title='bbox 177 2075 245 2122; x_wconf 87' lang='lat' dir='ltr'><strong>ctas:</strong></span> <span class='ocrx_word' id='word_1_175' title='bbox 266 2067 322 2138; x_wconf 86' lang='lat' dir='ltr'><strong>ripa</strong></span> <span class='ocrx_word' id='word_1_176' title='bbox 332 2073 419 2121; x_wconf 87' lang='lat' dir='ltr'><strong>autem</strong></span> <span class='ocrx_word' id='word_1_177' title='bbox 428 2075 482 2122; x_wconf 88' lang='lat' dir='ltr'><strong>erat</strong></span> <span class='ocrx_word' id='word_1_178' title='bbox 491 2068 573 2122; x_wconf 85' lang='lat' dir='ltr'><strong>acutis</strong></span> <span class='ocrx_word' id='word_1_179' title='bbox 585 2067 698 2122; x_wconf 87' lang='lat' dir='ltr'><strong>sudibus</strong></span> <span class='ocrx_word' id='word_1_180' title='bbox 712 2067 835 2141; x_wconf 83' lang='lat' dir='ltr'><strong>praefixis</strong></span> <span class='ocrx_word' id='word_1_181' title='bbox 850 2069 972 2136; x_wconf 88' lang='lat' dir='ltr'><strong>munita;</strong></span> <span class='ocrx_word' id='word_1_182' title='bbox 1020 2127 1021 2131; x_wconf 54' lang='grc'>,</span> 
     </span>
    </p>
   </div>
   <div class='ocr_carea' id='block_1_4' title="bbox 177 2141 977 2736">
    <p class='ocr_par' dir='ltr' id='par_1_6' title="bbox 177 2141 977 2665">
     <span class='ocr_line' id='line_1_27' title="bbox 177 2141 976 2215; baseline 0.001 -18"><span class='ocrx_word' id='word_1_183' title='bbox 177 2141 349 2214; x_wconf 87' lang='lat' dir='ltr'><strong>eiusdemque</strong></span> <span class='ocrx_word' id='word_1_184' title='bbox 358 2143 461 2215; x_wconf 79' lang='lat' dir='ltr'><strong>generis</strong></span> <span class='ocrx_word' id='word_1_185' title='bbox 470 2143 521 2197; x_wconf 89' lang='lat' dir='ltr'><strong>sub</strong></span> <span class='ocrx_word' id='word_1_186' title='bbox 531 2159 599 2215; x_wconf 91' lang='lat' dir='ltr'><strong>aqua</strong></span> <span class='ocrx_word' id='word_1_187' title='bbox 608 2143 710 2198; x_wconf 85' lang='lat' dir='ltr'><strong>defixae</strong></span> <span class='ocrx_word' id='word_1_188' title='bbox 718 2142 797 2197; x_wconf 86' lang='lat' dir='ltr'><strong>sudes</strong></span> <span class='ocrx_word' id='word_1_189' title='bbox 809 2141 921 2197; x_wconf 88' lang='lat' dir='ltr'><strong>llumine</strong></span> <span class='ocrx_word' id='word_1_190' title='bbox 934 2152 976 2198; x_wconf 85' lang='lat' dir='ltr'><strong>tc·</strong></span> 
     </span>
     <span class='ocr_line' id='line_1_28' title="bbox 177 2216 972 2292; baseline -0.001 -19"><span class='ocrx_word' id='word_1_191' title='bbox 177 2217 316 2292; x_wconf 81' lang='lat' dir='ltr'><strong>gebantur.</strong></span> <span class='ocrx_word' id='word_1_192' title='bbox 342 2217 389 2271; x_wconf 87' lang='lat' dir='ltr'><strong>llis</strong></span> <span class='ocrx_word' id='word_1_193' title='bbox 407 2217 485 2272; x_wconf 84' lang='lat' dir='ltr'><strong>rebus</strong></span> <span class='ocrx_word' id='word_1_194' title='bbox 505 2218 615 2291; x_wconf 81' lang='lat' dir='ltr'><strong>cognitis</strong></span> <span class='ocrx_word' id='word_1_195' title='bbox 629 2235 644 2272; x_wconf 82' lang='lat' dir='ltr'><strong>a</strong></span> <span class='ocrx_word' id='word_1_196' title='bbox 657 2217 767 2288; x_wconf 85' lang='lat' dir='ltr'><strong>captivis</strong></span> <span class='ocrx_word' id='word_1_197' title='bbox 787 2216 972 2292; x_wconf 74' lang='lat' dir='ltr'><strong>perfugisque,</strong></span> 
     </span>
     <span class='ocr_line' id='line_1_29' title="bbox 178 2291 977 2365; baseline -0.005 -15"><span class='ocrx_word' id='word_1_198' title='bbox 178 2293 281 2359; x_wconf 85' lang='lat' dir='ltr'><strong>Caesar,</strong></span> <span class='ocrx_word' id='word_1_199' title='bbox 295 2292 440 2364; x_wconf 88' lang='lat' dir='ltr'><strong>praemisso</strong></span> <span class='ocrx_word' id='word_1_200' title='bbox 451 2293 578 2364; x_wconf 81' lang='lat' dir='ltr'><strong>equitatu,</strong></span> <span class='ocrx_word' id='word_1_201' title='bbox 599 2292 734 2347; x_wconf 82' lang='lat' dir='ltr'><strong>confestim</strong></span> <span class='ocrx_word' id='word_1_202' title='bbox 748 2291 863 2365; x_wconf 78' lang='lat' dir='ltr'><strong>legiones</strong></span> <span class='ocrx_word' id='word_1_203' title='bbox 877 2292 977 2346; x_wconf 85' lang='lat' dir='ltr'><strong>subse-</strong></span> 
     </span>
     <span class='ocr_line' id='line_1_30' title="bbox 177 2365 976 2442; baseline -0.003 -18"><span class='ocrx_word' id='word_1_204' title='bbox 177 2370 226 2442; x_wconf 91' lang='lat' dir='ltr'><strong>qui</strong></span> <span class='ocrx_word' id='word_1_205' title='bbox 243 2367 330 2423; x_wconf 87' lang='lat' dir='ltr'><strong>iussit.</strong></span> <span class='ocrx_word' id='word_1_206' title='bbox 354 2366 406 2422; x_wconf 85' lang='lat' dir='ltr'><strong>Sed</strong></span> <span class='ocrx_word' id='word_1_207' title='bbox 423 2385 452 2422; x_wconf 91' lang='lat' dir='ltr'><strong>ea</strong></span> <span class='ocrx_word' id='word_1_208' title='bbox 465 2367 592 2422; x_wconf 86' lang='lat' dir='ltr'><strong>celeritate</strong></span> <span class='ocrx_word' id='word_1_209' title='bbox 609 2375 688 2438; x_wconf 81' lang='lat' dir='ltr'><strong>etque</strong></span> <span class='ocrx_word' id='word_1_210' title='bbox 706 2383 737 2422; x_wconf 90' lang='lat' dir='ltr'><strong>eo</strong></span> <span class='ocrx_word' id='word_1_211' title='bbox 755 2367 855 2438; x_wconf 82' lang='lat' dir='ltr'><strong>Impetu</strong></span> <span class='ocrx_word' id='word_1_212' title='bbox 873 2365 976 2422; x_wconf 87' lang='lat' dir='ltr'><strong>milites</strong></span> 
     </span>
     <span class='ocr_line' id='line_1_31' title="bbox 178 2441 975 2516; baseline 0 -19"><span class='ocrx_word' id='word_1_213' title='bbox 178 2445 274 2509; x_wconf 81' lang='lat' dir='ltr'><strong>ierunt,</strong></span> <span class='ocrx_word' id='word_1_214' title='bbox 289 2460 374 2516; x_wconf 87' lang='lat' dir='ltr'><strong>quum</strong></span> <span class='ocrx_word' id='word_1_215' title='bbox 383 2443 466 2514; x_wconf 83' lang='lat' dir='ltr'><strong>capite</strong></span> <span class='ocrx_word' id='word_1_216' title='bbox 478 2441 535 2497; x_wconf 89' lang='lat' dir='ltr'><strong>solo</strong></span> <span class='ocrx_word' id='word_1_217' title='bbox 547 2459 580 2496; x_wconf 86' lang='lat' dir='ltr'><strong>ex</strong></span> <span class='ocrx_word' id='word_1_218' title='bbox 595 2458 663 2512; x_wconf 88' lang='lat' dir='ltr'><strong>aqua</strong></span> <span class='ocrx_word' id='word_1_219' title='bbox 677 2449 816 2503; x_wconf 84' lang='lat' dir='ltr'><strong>exstarent,</strong></span> <span class='ocrx_word' id='word_1_220' title='bbox 839 2449 869 2494; x_wconf 89' lang='lat' dir='ltr'><strong>ut</strong></span> <span class='ocrx_word' id='word_1_221' title='bbox 883 2441 975 2497; x_wconf 86' lang='lat' dir='ltr'><strong>hostes</strong></span> 
     </span>
     <span class='ocr_line' id='line_1_32' title="bbox 178 2516 977 2592; baseline -0.003 -20"><span class='ocrx_word' id='word_1_222' title='bbox 178 2521 307 2590; x_wconf 84' lang='lat' dir='ltr'><strong>Impetum</strong></span> <span class='ocrx_word' id='word_1_223' title='bbox 323 2517 457 2592; x_wconf 81' lang='lat' dir='ltr'><strong>legIonum</strong></span> <span class='ocrx_word' id='word_1_224' title='bbox 473 2524 551 2588; x_wconf 89' lang='lat' dir='ltr'><strong>atque</strong></span> <span class='ocrx_word' id='word_1_225' title='bbox 565 2516 684 2587; x_wconf 82' lang='lat' dir='ltr'><strong>eqititrrm</strong></span> <span class='ocrx_word' id='word_1_226' title='bbox 699 2517 828 2571; x_wconf 82' lang='lat' dir='ltr'><strong>sustiuere</strong></span> <span class='ocrx_word' id='word_1_227' title='bbox 841 2531 895 2570; x_wconf 86' lang='lat' dir='ltr'><strong>non</strong></span> <span class='ocrx_word' id='word_1_228' title='bbox 909 2531 977 2588; x_wconf 85' lang='lat' dir='ltr'><strong>pos·</strong></span> 
     </span>
     <span class='ocr_line' id='line_1_33' title="bbox 179 2588 866 2665; baseline -0.004 -19"><span class='ocrx_word' id='word_1_229' title='bbox 179 2601 237 2647; x_wconf 89' lang='lat' dir='ltr'><strong>sent</strong></span> <span class='ocrx_word' id='word_1_230' title='bbox 245 2592 369 2665; x_wconf 85' lang='lat' dir='ltr'><strong>ripasque</strong></span> <span class='ocrx_word' id='word_1_231' title='bbox 377 2592 536 2646; x_wconf 84' lang='lat' dir='ltr'><strong>dimitterent</strong></span> <span class='ocrx_word' id='word_1_232' title='bbox 543 2607 573 2646; x_wconf 86' lang='lat' dir='ltr'><strong>ao</strong></span> <span class='ocrx_word' id='word_1_233' title='bbox 582 2607 609 2644; x_wconf 88' lang='lat' dir='ltr'><strong>sc</strong></span> <span class='ocrx_word' id='word_1_234' title='bbox 619 2588 696 2662; x_wconf 80' lang='lat' dir='ltr'><strong>fugae</strong></span> <span class='ocrx_word' id='word_1_235' title='bbox 707 2589 866 2646; x_wconf 78' lang='lat' dir='ltr'><strong>mandarent</strong></span> 
     </span>
    </p>

    <p class='ocr_par' dir='ltr' id='par_1_7' title="bbox 232 2663 974 2736">
     <span class='ocr_line' id='line_1_34' title="bbox 232 2663 974 2736; baseline -0.003 -14"><span class='ocrx_word' id='word_1_236' title='bbox 232 2667 309 2722; x_wconf 87' lang='lat' dir='ltr'><strong>XIX.</strong></span> <span class='ocrx_word' id='word_1_237' title='bbox 329 2666 551 2731; x_wconf 76' lang='lat' dir='ltr'><strong>Cassiuellaunus.</strong></span> <span class='ocrx_word' id='word_1_238' title='bbox 571 2672 603 2720; x_wconf 87' lang='lat' dir='ltr'><strong>ut</strong></span> <span class='ocrx_word' id='word_1_239' title='bbox 621 2679 701 2736; x_wconf 89' lang='lat' dir='ltr'><strong>supra</strong></span> <span class='ocrx_word' id='word_1_240' title='bbox 719 2663 974 2731; x_wconf 83' lang='lat' dir='ltr'><strong>demonstravimus,</strong></span> 
     </span>
    </p>
   </div>
   <div class='ocr_carea' id='block_1_5' title="bbox 0 0 1041 2998">
    <p class='ocr_par' dir='ltr' id='par_1_8' title="bbox 0 0 1041 2998">
     <span class='ocr_line' id='line_1_35' title="bbox 0 0 1041 2998; baseline 0 0"><span class='ocrx_word' id='word_1_241' title='bbox 0 0 1041 2998; x_wconf 95' lang='lat' dir='ltr'><strong> </strong></span> 
     </span>
    </p>
   </div>
  </div>
 </body>
</html>
