2072 2998
172 139 205 194 ot
376 141 426 186 un
448 105 572 186 anuto
596 136 763 186 eunuco

172 246 299 314 ipserum
309 239 459 314 legionibus
472 238 600 310 expeditis
609 240 645 296 IV
654 247 680 294 et
693 239 828 311 equidlm's
841 237 931 298 nect
948 243 979 298 in

1023 76 1030 156 l

173 319 240 372 lines
249 315 417 372 Trevirorum
427 313 980 386 profieisoitur‚qnodhinequeadconoi-
1029 349 1030 352 =

173 391 208 449 lia
224 391 373 456 veniebant,
394 405 481 460 neque
493 387 604 459 imperio
616 387 751 460 parebant,
772 387 980 462 Gamanoeque

172 465 376 522 transrhenanos
388 462 527 519 sollicitare
535 463 698 518 dioebantur.

227 541 272 596 111.
301 541 370 594 Haec
391 538 483 594 civitas
506 535 584 612 longe
605 537 753 608 plurimum
773 539 853 593 totius
871 538 979 596 Galliae

173 616 292 688 equitatu
303 613 373 670 valet
382 627 546 686 magnasque
558 611 636 668 hahet
648 612 737 683 eopias
750 612 880 684 peditum,
903 615 978 670 liho-

174 705 303 760 numque,
314 695 344 742 ut
354 703 436 758 supra
444 685 693 751 demonstratum,
708 687 800 760 tangit
820 688 849 742 ln
863 705 895 742 ea
908 690 979 744 olvi-
1020 726 1023 745 .

174 771 225 820 tate
237 761 290 816 due
303 761 336 816 de
348 761 496 834 principatu
511 760 579 818 inter
592 777 622 816 se
637 761 836 826 resumebant,
854 761 979 818 Indutio-

175 853 265 894 marus
274 842 300 890 et
312 835 477 908 Cingetorix:
497 851 531 891 ex
544 835 644 908 quibus
657 835 731 900 alter,
751 833 832 890 simul
847 843 930 908 atque
942 838 979 894 de

175 909 294 968 Caesaris
306 909 495 982 legionumque
508 910 623 966 adventu
636 909 771 996 mgnitum
786 917 835 975 est,
857 911 891 966 ad
911 927 977 967 eum

175 985 261 1052 venit3
282 1000 312 1038 so
326 1001 443 1056 suosque
460 1001 552 1039 omnes
565 985 593 1040 iu
606 982 693 1039 elfiero
710 983 813 1040 loturos
834 1001 923 1056 noque
941 987 978 1042 ab

83 1057 85 1062 ’
176 1057 290 1114 amicitia
298 1057 389 1129 populi
403 1057 514 1114 Romani
528 1057 673 1114 defeeturos
691 1057 870 1114 oonfirmavit:
891 1077 979 1132 quae-

175 1150 229 1206 que
241 1133 269 1187 in
282 1131 397 1188 Treviris
406 1139 569 1204 gererentur,
588 1133 711 1206 ostendit.
731 1132 766 1188 tt
777 1133 978 1190 Indutiomarus

175 1207 321 1280 equitatum
330 1205 528 1277 peditatumque
536 1222 637 1279 eogere,
649 1207 744 1280 iisque,
751 1207 799 1280 qui
808 1225 855 1280 per
862 1215 977 1266 aetatem

176 1283 205 1336 in
214 1281 295 1336 armis
304 1297 362 1335 esse
373 1296 427 1335 non
439 1286 566 1350 poterant,
588 1280 616 1336 in
631 1281 728 1338 silvam
741 1282 914 1338 Arduennam
927 1285 979 1340 ab·

176 1356 248 1422 ditis,
265 1373 334 1427 quaa
344 1354 443 1428 ingenti
458 1354 642 1430 magnitudine
654 1374 701 1428 per
715 1357 815 1412 medios
830 1357 898 1414 lines
911 1359 980 1416 Tre·

176 1430 294 1488 virorum
304 1448 319 1486 a
329 1428 534 1488 llumlnellheuo
542 1430 576 1486 ed
585 1431 691 1486 initium
699 1432 841 1488 Remorum
849 1433 975 1504 pertinet,

176 1505 277 1568 bellum
285 1523 378 1578 parare
385 1505 509 1562 instituit.
526 1505 579 1562 Sed
586 1512 757 1578 posteaquam
767 1505 889 1563 nonnulli
899 1508 978 1580 prin·

176 1582 247 1653 elpes
255 1599 288 1636 ex
299 1599 329 1638 ea
338 1580 486 1648 eivitate,'et
493 1579 846 1655 familiaritateCingetorigis
856 1580 976 1648 adducti,

119 1706 124 1712 .
176 1663 201 1710 et
211 1655 325 1712 adventu
334 1656 418 1711 nostri
428 1656 558 1711 exereitus
572 1654 710 1728 perterriti,
730 1653 765 1710 ad
777 1655 916 1712 Caesarem
929 1675 979 1714 ve-

176 1737 305 1792 neruntet
313 1730 348 1784 de
355 1731 412 1785 suis
421 1731 545 1801 privatim
554 1731 633 1785 rebus
643 1729 676 1784 ab
685 1746 715 1786 eo
723 1736 810 1801 petere
822 1739 975 1802 ttoeperunt‚

176 1804 303 1876 quoniam
312 1804 412 1860 civitati
422 1803 560 1860 eonsulere
569 1821 620 1876 non
635 1811 755 1876 possent:
776 1803 978 1862 Indutiomarus

176 1878 284 1942 veritus¹
306 1895 341 1932 ne
353 1878 387 1932 ab
400 1878 526 1933 omnibus
537 1878 708 1945 desereretur,
731 1879 827 1952 legatos
836 1879 870 1934 ad
880 1879 979 1936 Caesa-

176 1967 232 2004 rem
242 1951 334 2017 mittit;
355 1968 414 2006 sese
422 1951 518 2008 ideireo
527 1951 561 2008 ab
569 1954 627 2008 suis
639 1953 771 2010 diseedere
780 1962 859 2026 atque
868 1952 903 2009 ad
912 1973 979 2012 enm

69 2041 71 2049 ’
175 2024 266 2078 venire
272 2023 416 2090 noluisse,¹
429 2041 484 2097 quo
496 2025 599 2083 facilius
612 2027 745 2084 eivitatem
757 2029 785 2084 in
794 2027 881 2084 oliioio
891 2030 979 2086 eonti-

129 2161 130 2164 Ἴ
176 2104 256 2162 neret,
277 2115 311 2152 ne
322 2099 411 2154 omnis
420 2099 563 2156 nobilitatis
576 2102 695 2158 dueessu
709 2101 785 2175 plebs
803 2110 911 2175 propter
921 2105 979 2164 irn-

175 2170 343 2243 prudentiam
353 2170 493 2230 laberetur.
512 2176 604 2248 ltaque
612 2193 670 2232 esse
681 2177 811 2235 civitatem
822 2177 852 2232 in
865 2195 916 2234 sua
928 2196 980 2252 po-

118 2306 120 2310 ,
175 2251 274 2312 testate,
294 2263 385 2319 seque,
407 2248 432 2304 si
447 2248 542 2306 Caesar
560 2251 730 2322 permitteret,
750 2251 786 2307 ad
804 2267 866 2308 eum
884 2252 914 2312 in
933 2271 980 2310 oa-

175 2329 229 2378 stra
241 2331 384 2408 uenturum
397 2329 423 2379 et
435 2341 498 2380 suas
515 2324 682 2398 dumisque
700 2325 819 2382 fortunas
835 2326 894 2382 eiras
914 2325 980 2385 tidei

174 2413 377 2468 permissurum.

200 2503 206 2514 ·
230 2472 272 2528 tv.
292 2473 396 2539 Caesar,
410 2471 459 2528 etsi
467 2471 642 2546 intellegebat,
654 2489 708 2545 que
720 2473 753 2530 de
762 2478 855 2530 etussa
864 2474 980 2532 eadioe-

175 2551 275 2611 rentur,
282 2564 403 2620 quaeque
412 2563 474 2603 enm
484 2547 697 2618 resablnstituto,
705 2549 815 2606 oonsilio
824 2549 978 2616 deterreret,

175 2627 272 2686 tamen,
293 2639 327 2698 ne
339 2629 463 2680 aestatem
477 2620 506 2680 in
522 2621 638 2680 Treviris
656 2639 810 2680 oonsumere
827 2632 978 2700 cogeretur.

1019 952 1026 1055 l
