2042 3004
178 95 227 150 m
376 102 410 152 A·
427 101 557 150 tillem
573 101 623 146 DE
643 50 773 144 1ΙΙΕῑιΙιΟ

177 220 230 276 que
239 202 276 258 ibi
286 201 383 258 milites
392 207 587 272 oppresserunt.
611 197 900 267 Quodnisioeleriter,
922 201 976 257 indi

85 279 89 290 ”
176 278 300 352 gnatione
315 284 340 332 et
352 275 452 332 auxilio
465 274 567 345 Lepidi,
590 272 721 344 proelium
734 283 810 330 esset
822 275 975 339 diremnm

178 352 262 408 maior
270 349 402 408 calamitas
412 357 480 404 esset
488 356 599 419 scepta.

232 427 324 484 LXIV.
344 425 433 494 Quum
448 425 496 478 iter
510 423 601 479 Cessio
617 419 778 494 patefactum
800 434 887 495 esset,
908 435 977 481 castre

178 501 316 556 Marcellus
325 518 386 556 cum
397 498 496 571 Lepido
507 498 652 570 coniungit.
673 497 796 567 Lepidus
811 500 911 556 eodem
925 510 978 556 lem

112 592 114 603 ·
177 577 241 648 por'e
249 575 438 648 Marcellusque
448 571 608 637 Cordubam,
629 571 738 628 Cassius
753 590 821 628 cum
838 577 978 648 suisprct

178 651 284 706 ciscitur
292 649 459 706 Carmonem.
480 648 536 704 Sub
551 647 622 702 idem
638 654 746 717 tempus
756 649 918 706 Trebonius
931 669 978 724 pro
998 689 999 704 ,

179 723 270 780 consid
280 725 313 779 ad
326 724 487 795 provinciam
498 721 667 778 obtinendam
679 722 764 777 venit.
791 725 833 780 De
848 728 931 781 ouius
944 726 977 780 ed
998 721 999 784 l

180 808 260 855 ventu
270 808 300 854 ut
308 797 552 871 rognoritssessius,
561 797 685 870 legiones,
696 813 768 868 ques
777 815 880 856 secum
892 802 977 857 habuc

180 883 227 940 rat,
235 873 435 945 equitatumque
444 874 472 928 iu
483 873 593 940 hiberna
602 871 752 928 distribuit:
776 872 849 944 ipse,
862 878 978 932 omnibus

179 949 235 1003 suis
245 947 324 1001 rebus
338 946 452 1001 celeriter
465 956 597 1019 correptis,
618 945 745 1002 Malacam
758 951 920 1018 contendit3
941 951 978 1006 ibi-

179 1039 231 1094 que
246 1020 356 1076 adverso
370 1029 485 1093 tempore
503 1022 645 1095 navigandi
663 1037 744 1076 naves
763 1028 938 1084 conscendit.
958 1035 978 1079 ut

179 1097 235 1168 ipse
252 1095 426 1167 praedicabat,
446 1114 480 1152 ne
493 1114 522 1152 se
534 1095 632 1168 Lepido
645 1103 670 1150 et
681 1093 817 1152 Trebonio
827 1108 855 1154 et
866 1101 979 1156 Marcello

179 1171 362 1240 committeret,
384 1179 413 1226 ut
421 1172 498 1229 amici
509 1171 566 1226 eius
574 1171 734 1235 dictitabant,
747 1189 783 1226 ne
791 1190 845 1244 per
857 1193 921 1231 eam
930 1193 979 1248 pru

180 1245 295 1302 vinciam
307 1248 409 1302 minore
417 1263 479 1302 cum
488 1246 614 1320 dignitate
622 1247 671 1300 iter
679 1245 783 1312 laceret,
794 1250 883 1304 cuius
893 1268 978 1325 magna

176 1338 240 1393 pars
251 1321 284 1376 ab
293 1338 324 1378 eo
333 1320 471 1388 deimerat3
492 1329 522 1376 ut
530 1315 606 1376 ce'teri
616 1319 816 1387 existimabant,
829 1341 866 1379 ne
877 1326 977 1398 perimis

179 1395 234 1462 ille,
257 1414 291 1452 ex
301 1396 411 1452 infinitis
421 1396 520 1468 rapinis
534 1395 657 1460 conlecta,
680 1395 708 1450 iu
719 1405 883 1466 potestatem
898 1402 977 1455 cuius

180 1490 261 1546 quam
272 1471 378 1528 veniret.
397 1473 553 1546 Progressus
564 1470 688 1533 secunde,
703 1478 733 1525 ul
741 1471 871 1540 hiberna,
888 1484 978 1546 tempe

180 1557 254 1612 state,
266 1565 351 1620 quum
361 1548 389 1602 in
399 1547 503 1602 lberum
513 1545 613 1602 flumen
622 1545 704 1601 noctis
714 1546 844 1603 vitandae
852 1565 950 1604 caussa
958 1565 977 1601 se

180 1622 341 1688 contulisset,
357 1621 418 1678 inde
428 1621 516 1692 paullo
529 1621 721 1676 vehementiore
730 1629 895 1692 tempestate
905 1624 977 1680 nihilo

180 1695 352 1769 periculosius
366 1714 396 1752 se
408 1697 594 1770 navigaturum
607 1695 724 1758 medens,
741 1695 882 1766 proiectus
895 1701 978 1754 adrer-

181 1773 217 1828 sis
228 1769 360 1836 fluctibus,
376 1771 572 1828 occurrentibus
582 1772 648 1826 ostio
658 1769 787 1833 fluminis,
806 1771 837 1827 in
849 1775 920 1844 ipsis
930 1775 977 1829 iau-

180 1848 265 1914 cibus,
273 1863 358 1919 quum
368 1865 453 1918 neque
463 1845 563 1902 flectere
572 1845 661 1900 navim
671 1846 976 1916 proptervimssumiuis,

182 1939 267 1991 neque
276 1922 400 1978 directam
410 1920 624 1980 tantis,lluctibus
637 1929 724 1976 tenere
741 1922 842 1992 posset,
864 1923 977 1980 demersa

182 1995 252 2059 navi,
299 1996 350 2049 riit.

235 2013 318 2124 sidet.
337 2068 426 2135 Quum
438 2070 463 2125 in
474 2069 579 2144 Syriam
588 2069 682 2126 Caesar
690 2086 724 2126 ex
732 2068 856 2144 Aegypto
867 2074 977 2128 venisset

182 2152 260 2216 atque
270 2143 303 2200 ab
315 2143 357 2210 iis,
379 2145 427 2215 qui
441 2146 524 2200 lloma
537 2153 662 2200 venerant
675 2144 708 2200 od
720 2161 791 2208 eum,
812 2153 977 2219 cognosceret

182 2219 328 2292 litterisque
336 2219 446 2274 urbanis
455 2217 680 2283 animadverteret,
700 2218 783 2274 multa
798 2219 901 2276 Romae
915 2221 976 2277 male

101 2295 113 2318 ”
182 2304 207 2352 et
217 2293 343 2350 inutiliter
351 2292 538 2360 administrari,
552 2293 731 2366 nequeullsm
740 2301 840 2364 partem
851 2297 975 2368 reipubli-

153 2389 158 2397 ’
182 2387 227 2424 eae
235 2370 298 2426 setis
311 2368 446 2426 commode
457 2368 527 2442 geri3
548 2369 620 2440 quod
635 2376 660 2422 et
672 2368 884 2423 contentionibus
896 2371 975 2426 tribu

183 2443 255 2498 uitiis
265 2444 425 2515 perniciosae
433 2443 572 2498 seditiones
584 2441 718 2497 orirentur.
728 2449 762 2505 et,
783 2441 930 2500 ambitione
942 2454 975 2499 at-

182 2533 235 2586 que
245 2517 407 2591 indulgentie
417 2517 583 2572 tribunorum
598 2515 714 2570 militum
728 2516 813 2588 etqui
828 2514 974 2590 legionibus

182 2600 325 2658 praeerant,
338 2591 419 2646 multe
429 2599 518 2648 contra
528 2605 629 2644 morem
641 2589 915 2662 consuetudinemque
928 2595 974 2649 mi·
