2042 3004
181 156 231 210 Μ
373 162 407 212 A.
427 162 621 209 nmmos
639 163 766 208 BELLO

181 261 268 336 magis
277 260 390 318 neribus
407 261 561 334 confligendi
575 269 688 332 potestas
701 261 827 328 dabatur,
849 271 924 319 tanto
935 279 972 318 sn·

181 337 531 408 perioreserantllatinioni3
550 335 764 408 quiadmirende
774 337 973 394 rirmteexsuis

144 465 147 470 ,
181 411 297 466 neribus
305 410 333 466 in
343 410 459 466 hostium
468 425 547 466 neves
556 411 688 465 transilire
700 425 755 466 non
770 411 933 468 dubitabant
943 421 970 476 et

182 485 348 541 dimicatione
357 493 474 558 sequela.
489 483 566 558 longe
574 485 722 556 superiores
731 485 842 552 virtute,
857 486 973 542 remieli

182 561 245 615 oiter
253 560 386 634 gerebant.
406 558 656 631 Deprimituripsiue
668 558 772 617 odivit
786 560 972 632 quadriremis:

183 634 281 690 multae
289 641 418 708 praeterea
426 634 573 705 (rapiuntur,
589 640 634 688 aut
645 633 737 688 metris
750 634 902 704 perforatae
914 654 975 691 mer·

147 815 151 820 .
182 706 805 857 unummw
821 711 975 856 recu

183 859 244 913 vius
253 873 282 910 se
292 857 319 910 in
329 855 453 926 scapham
462 856 574 912 confert:
590 857 618 910 in
627 856 810 928 quamplures
819 875 911 930 quum
921 877 976 914 oon·

182 931 310 1003 lngersnt‚
322 930 443 1000 depressa
452 931 557 1001 seophe,
566 930 720 986 vulneratus
729 940 819 988 tamen
830 933 940 989 adnatat
948 933 975 987 ad

183 1021 263 1059 enum
272 1019 469 1076 myoparonem.
489 1007 528 1060 Eo
537 1013 664 1076 receptus,
677 1021 764 1076 quum
778 1006 917 1077 proelium
930 1025 976 1064 nor

183 1078 323 1142 dirimeret,
336 1086 486 1150 tempestate
494 1097 589 1153 magne
600 1079 665 1134 velis
674 1079 800 1155 profugit.
824 1081 976 1155 Sequuntur

183 1153 256 1282 bunio
265 1169 329 1206 suae
339 1171 418 1209 neves
428 1154 579 1220 nonnullae,
594 1171 746 1226 quascasus
757 1154 852 1211 abillo
864 1156 977 1230 perioulo

182 1228 228 1282 vin
249 1227 336 1283 ioerst.
614 1259 618 1264 ·

237 1301 343 1358 xnvu.
362 1301 533 1368 livientes,
556 1320 584 1358 re
597 1302 664 1360 bene
676 1309 758 1378 geste,
782 1306 904 1377 oeoeptui
917 1306 977 1360 oeri-

183 1378 236 1446 nit;
257 1378 367 1450 suisque
375 1378 499 1450 omnibus
509 1377 695 1444 incolumibus,
714 1378 743 1432 in
754 1394 818 1433 eum
834 1389 976 1452 sepontum

183 1453 266 1508 vietor
279 1452 383 1524 recepit,
403 1469 457 1525 quo
469 1470 504 1508 ex
514 1459 591 1524 portu
600 1453 692 1507 classis
701 1451 846 1510 Octaviane
856 1455 892 1510 ad
902 1456 977 1510 dimi·

184 1527 467 1599 modumprooesserat
479 1527 626 1598 Gspitexeo
633 1525 732 1599 proelio
740 1536 878 1598 pontonem
887 1547 975 1590 unem.

147 1663 151 1674 ,
183 1603 302 1658 triremes
320 1601 401 1666 dues,
426 1601 536 1658 diorotos
554 1611 623 1666 octo,
643 1599 849 1674 compluresque
867 1606 976 1678 remiges

184 1675 353 1732 Octavianos:
373 1684 528 1748 posteroque
539 1676 636 1738 ibidis,
651 1676 717 1731 dum
731 1691 796 1730 sues
808 1678 977 1751 captivasque

184 1769 264 1806 naves
278 1751 402 1816 reliceret,
416 1757 561 1816 consumto,
582 1758 641 1821 post
649 1749 719 1805 diem
729 1751 837 1806 tertium
847 1754 977 1810 contendit

184 1827 213 1882 in
222 1825 338 1882 insulam
348 1826 442 1891 Issam,
465 1825 537 1898 quod
549 1841 621 1880 eose
635 1824 761 1896 recepisse
774 1843 810 1880 ex
819 1823 884 1900 luga
893 1828 978 1883 erede

183 1899 384 1956 hatOotavium.
403 1899 502 1956 Erotio
517 1917 546 1954 ea
565 1899 760 1954 nobilissimum
778 1901 923 1972 regionum
941 1921 977 1957 ee·

183 1991 245 2028 rum
263 1973 402 2045 oppidum,
421 1975 717 2045 coniunctissimumque
735 1971 854 2030 Octavie
880 1976 942 2044 Quo
954 1985 978 2031 ut

1005 755 1007 840 l

1005 975 1007 1038 l

183 2048 316 2120 pervenit,
339 2048 463 2119 oppidani
480 2049 616 2120 supplices
637 2065 665 2102 sc
683 2048 786 2103 Vatinio
805 2048 975 2116 dediderunt3
1007 2037 1008 2084 ἶ

183 2122 371 2192 comperitque.
387 2123 475 2192 ipsum
485 2121 721 2194 Octavium-parvis
738 2123 888 2196 paucisque
907 2126 977 2182 nsvi-

205 2195 236 2250 'is
255 2202 332 2250 vento
350 2196 465 2251 secundo
482 2197 614 2268 regionem
629 2197 750 2252 Graeciae
760 2197 869 2268 petisse,
882 2200 979 2256 indeut

184 2213 310 2334 §lolliam
331 2269 426 2324 deinde
437 2269 551 2326 Africam
561 2280 670 2342 caperet.
695 2273 732 2326 lte
745 2271 819 2327 brevi
838 2274 936 2344 spatio,
955 2291 978 2327 re

185 2344 390 2418 praeclarissime
410 2352 496 2418 geste,
519 2346 654 2416 provincia
675 2351 774 2416 recepta
795 2353 822 2400 et
841 2347 977 2403 Cornificio

72 2481 77 2490 ⁴
185 2420 295 2480 reddite.
306 2418 389 2474 classe
398 2420 606 2474 adversariorum
615 2437 648 2474 ex
658 2419 704 2474 illo
716 2427 767 2474 toto
781 2420 846 2475 sinu
858 2423 975 2494 expulsa.

185 2495 268 2578 rietes
283 2511 312 2548 se
325 2493 506 2560 Brundisium,
529 2493 655 2549 incolumi
673 2494 787 2550 exeroitu
797 2501 823 2548 et
834 2494 930 2562 elesse,
943 2514 977 2551 ro·

185 2573 354 2695 wllLVlll.
374 2642 410 2696 lis
424 2649 511 2698 nutem
526 2640 697 2712 temporibus,
720 2640 819 2712 quitus
838 2642 937 2700 Caesar
950 2643 977 2698 ad
