2072 2998
277 157 348 204 LIB.
361 156 416 204 vn.
446 158 524 206 GAP.
538 158 581 206 1⁶.
593 159 635 207 ss.
806 157 854 212 ⁴59

29 263 34 269 '
47 261 176 330 portitat
184 259 326 324 flamiam
333 259 431 325 palude
444 261 613 322 oirouradnto,
634 275 714 314 uatum
725 263 818 316 ltobeot
831 271 856 318 tt

49 333 245 404 perangustum
262 335 372 394 aditum.
390 332 471 386 Datur
483 333 631 404 petentibus
645 334 730 400 venia,
751 334 856 390 dissua-

52 410 132 464 dente
140 407 232 478 primo
242 404 460 478 Vercingetorige,
479 414 538 478 post
550 406 712 473 oonmdento,
734 416 760 463 et
772 410 856 479 preni-

49 485 104 540 bus
114 483 252 552 ipsorum,
269 486 295 534 et
303 479 481 536 misericordia
492 481 574 556 vulgi.
594 480 746 546 Dolensores
758 483 855 555 oppido

48 557 141 629 idonei
151 553 319 627 deliguntur.
801 611 803 624 ,

106 631 183 686 XVI.
206 629 405 702 Vercingetorix
414 629 561 684 minoribus
569 629 707 686 Caesarem
718 629 855 686 itineribus
904 673 906 680 .
943 683 948 694 ,

48 705 232 776 subsequitur
244 711 270 758 et
284 701 372 758 locum
384 703 474 758 castris
486 703 586 778 deligit,
598 704 751 776 paludibus
767 703 855 760 silvis-

50 797 107 854 que
119 779 271 841 muuitum,
293 777 328 835 ab
343 777 452 832 Avarioo
463 777 540 852 longe
549 778 632 834 millio
644 796 772 850 passuum
782 780 853 836 XVI.

48 856 91 912 lbi
99 872 150 927 per
159 863 248 908 eertos
256 851 430 923 exploratores
439 852 466 908 in
478 852 581 925 singula
591 853 641 909 diei
652 863 775 925 ternpore,
785 871 856 927 quae

47 931 83 987 ad
92 929 244 985 Avaricum
254 934 402 998 agerentur,
414 927 583 1000 eognoseebat
595 936 628 992 et,
645 930 711 1000 quid
725 929 781 984 sieri
799 929 855 985 vel·
894 941 899 949 “

48 1006 95 1070 let,
113 1001 282 1074 imperabat:
301 1017 394 1056 omnes
407 1009 506 1056 nostras
519 1001 698 1074 pabulationes
712 1002 855 1060 frumenta-

48 1083 197 1150 donesque
205 1075 372 1140 observabat,
385 1075 578 1148 dispersosque,
588 1095 675 1150 quum
689 1077 794 1152 longius
809 1096 855 1134 ne-

47 1153 170 1212 cessario
189 1149 368 1222 procederent,
390 1150 566 1216 adoriebatur,
587 1169 737 1225 magnoque
755 1153 855 1208 innom-

48 1228 137 1284 modo
147 1225 300 1280 adficiebat:
320 1224 379 1288 etsi,
395 1232 523 1296 quantum
533 1225 631 1281 ratione
643 1226 772 1298 provideri
784 1237 855 1298 pote-

50 1312 108 1368 rat,
119 1301 154 1356 ab
165 1300 260 1354 uostris
271 1299 463 1366 oecurrebotur,
477 1307 513 1355 *ut
524 1299 628 1366 insertis
642 1301 804 1374 temporibus
814 1301 855 1356 di-

50 1375 199 1446 versisque
207 1373 349 1430 itineribus
357 1373 448 1430 iretur.

114 1449 196 1504 XVII.
216 1447 317 1504 Castris
327 1447 425 1504 adeam
434 1451 533 1520 partem
542 1449 632 1519 oppidi
641 1449 742 1520 positia,
750 1449 853 1514 Caesar,

49 1542 127 1600 quae
136 1521 431 1579 intermissaailumine
441 1530 489 1578 eta
499 1521 595 1594 palude
609 1522 718 1587 aditum,
734 1531 856 1594 utsupra

48 1601 188 1664 diximus,
200 1606 344 1672 angustum
355 1596 475 1663 habebat,
486 1614 608 1670 aggerem
617 1596 749 1668 adparere,
766 1598 855 1652 vineas

50 1692 144 1750 agere,
165 1681 251 1728 turres
264 1673 331 1728 duas
345 1672 499 1728 eonstituere
510 1671 606 1744 eoepit:
628 1669 856 1726 nameirnumval-
936 1735 938 1744 ,

50 1751 114 1806 lare
124 1747 277 1804 locioatura
287 1746 450 1818 prohibebat.
470 1748 543 1802 Dore
551 1745 719 1801 frumentaria
732 1746 808 1802 Boios
817 1754 856 1800 at-

53 1841 113 1898 que
122 1821 228 1878 Aeduos
238 1821 371 1878 adhortari
381 1837 433 1876 non
443 1820 554 1877 destitit:
567 1839 682 1893 quorum
692 1821 773 1885 altori,
783 1820 855 1894 quod

52 1897 133 1956 nullo
145 1897 236 1952 studio
249 1895 371 1970 agebant,
393 1912 445 1950 non
460 1895 575 1950 multum
589 1895 761 1964 adiuvabant;
782 1895 855 1952 alteri

50 1992 110 2032 non
119 1973 228 2046 magnis
238 1969 415 2033 facultatibus,
430 1969 502 2042 quod
511 1971 604 2026 civitas
615 1978 669 2026 erat
677 1971 771 2044 exigua
781 1980 805 2026 et
814 1972 856 2026 in-

50 2051 143 2113 firma,
156 2046 284 2111 celeriter,
296 2043 369 2116 quod
379 2045 535 2110 habuerunt,
546 2055 756 2102 oonsumserunt
776 2047 855 2102 Sum-

50 2143 98 2182 ma
109 2121 267 2178 difficultate
276 2121 313 2175 rei
323 2118 506 2174 frumentariae
520 2119 617 2176 adiecto
631 2122 756 2184 exercitu,
769 2123 856 2176 tenui·

50 2207 106 2255 tate
116 2198 252 2261 Boiorum,
270 2193 435 2266 indiligentia
449 2193 608 2262 Aeduorum,
625 2195 752 2252 incendiis
766 2196 856 2251 aedifi-

49 2276 170 2337 ciorum,
188 2286 326 2342 usqueeo,
344 2267 529 2339 utoompluree
543 2269 598 2326 dies
614 2270 710 2328 milites
724 2271 856 2326 frumento

50 2348 189 2416 camerini
197 2353 232 2410 et,
248 2359 342 2416 peoora
351 2360 365 2398 e
374 2341 603 2416 longinquioribus
615 2345 681 2402 vicis
695 2345 793 2408 adnoto,
808 2360 856 2397 ex-

51 2433 168 2479 tremam
178 2421 276 2490 semein
287 2425 470 2482 sustentarent,
486 2418 557 2474 nulla
568 2427 654 2476 umen
664 2435 717 2476 vox
725 2427 765 2472 est
774 2416 807 2472 ab
822 2417 856 2472 iis

52 2499 155 2564 audita,
170 2493 266 2570 populi
276 2492 389 2548 Romani
398 2493 530 2548 maiestate
542 2503 567 2548 et
580 2491 759 2565 superioribus
776 2491 856 2544 victo-

53 2575 102 2628 riis
112 2571 238 2646 indigua.
259 2567 331 2633 Quin
341 2565 418 2621 etiam
430 2565 524 2623 Caesar
533 2585 618 2638 quum
632 2567 660 2621 in
672 2581 750 2635 opere
763 2564 857 2636 singu-

55 2648 95 2704 los
105 2647 224 2722 legiones
236 2640 424 2714 adpellaretet,
446 2641 468 2696 si
482 2643 601 2696 acerbius
618 2638 734 2712 inopiam
750 2637 854 2702 ferrent,
