2072 2998
172 155 222 214 itt
349 161 352 168 ’
388 157 584 207 buxosum
609 155 779 207 onumen

168 262 217 334 qui
232 261 402 326 intraverant,
420 257 516 330 seipsi
534 257 694 312 acutissimis
713 255 791 312 vallis
811 257 971 316 induebant.

169 336 223 391 Hos
236 335 327 407 cippos
339 332 512 406 adpellobaut.
535 331 604 392 Ante
617 332 674 396 hos,
694 330 812 402 obliquis
830 333 973 389 ordinibus

170 410 198 466 in
208 411 385 482 quincuncem
394 406 538 479 dispositis,
549 406 654 460 scrobes
662 407 745 460 trium
759 407 787 461 in
802 405 973 464 altitudinem

54 519 58 530 κ
169 483 268 556 pedum
286 482 461 546 fodiebantur,
479 478 617 552 paullatim
631 480 782 554 angustiore
796 479 831 535 ad
845 481 972 538 infimum

169 557 284 632 fastigio.
304 559 362 613 lluc
373 563 464 613 teretes
479 553 590 626 stipites,
610 552 717 609 feminis
729 555 919 621 crassitudine,
941 556 972 612 ab

170 649 277 688 summo
285 637 414 702 praeacuti
425 636 450 686 et
459 629 584 699 praeusti,
597 623 802 682 demittebantur
812 629 858 692 ita,
876 635 971 686 utnon

170 705 286 778 amplius
294 704 385 776 digitis
395 704 550 774 quatuorex
559 708 625 756 tarra
634 700 794 756 eminerent:
808 702 971 766 simul,con·

171 777 294 835 firmandi
309 785 334 832 et
351 775 501 832 stabiliendi
517 789 620 840 caussa,
639 774 739 849 singuli
758 775 792 830 ab
808 776 905 834 infimo
918 777 972 833 solo

170 853 249 925 pedes
258 857 325 907 terra
335 849 553 906 exculcabantur:
572 847 674 922 reliqua
689 865 750 919 pars
764 850 867 904 scrobis
881 851 915 906 ad
930 869 972 907 oo·

170 923 307 980 euitandas
323 924 434 980 insidias
446 923 595 980 viminibus
608 939 639 978 ac
653 921 777 996 virgultis
793 923 970 998 integebatur.

170 999 256 1054 Huius
264 999 369 1072 generis
377 997 462 1053 oetoni
473 997 579 1052 ordines
587 997 669 1062 ducti,
680 1005 767 1052 ternos
776 996 847 1052 inter
855 1017 886 1054 se
894 1000 972 1070 pedm

52 1103 57 1109 -
169 1072 312 1127 distabant.
331 1071 361 1126 ld
370 1085 404 1127 ex
414 1069 590 1127 similitudine
602 1069 674 1126 floris
689 1070 776 1126 lilium
790 1071 969 1144 adpellnbant.

170 1147 237 1202 Ante
246 1145 310 1202 haec
320 1144 408 1212 taleae,
429 1143 525 1218 pedem
538 1143 640 1219 longae,
663 1143 752 1201 ferreis
766 1144 855 1201 hamis
867 1146 969 1213 infixis,

169 1227 237 1276 totae
245 1220 273 1275 in
283 1227 378 1276 mnam
389 1217 592 1284 infodiebantur,
600 1218 831 1291 mediocribusque
837 1220 973 1279 intermis-

169 1296 208 1349 sis
218 1293 319 1424 spatiliz,
332 1293 459 1424 omuibus
468 1291 532 1348 locis
544 1292 749 1360 disserebantur,
766 1309 835 1365 quos
849 1294 972 1351 stimulos

170 1385 279 1425 nomina
315 1387 353 1424 u.

224 1440 343 1500 LXXIV.
363 1443 411 1498 llis
420 1441 500 1498 rebus
510 1439 765 1514 perlectis‚regiones
773 1447 881 1497 secutus
890 1459 972 1515 quam

169 1519 255 1590 potuit
276 1518 451 1590 aequissimas
468 1532 517 1587 pro
534 1514 585 1602 loci
603 1521 705 1580 natura,
725 1515 787 1572 XIV
804 1515 895 1604 millia⁸
913 1535 973 1589 pas-
1018 1589 1019 1606 Χ

170 1588 973 1735 tttttffibtittitttmttttttffl

170 1759 205 1798 ne
214 1759 310 1815 magna
323 1739 431 1812 quidem
441 1736 621 1801 multitudine,
641 1737 666 1792 si
681 1737 717 1791 ito
732 1737 832 1793 accidat
844 1739 905 1795 eius
917 1739 973 1796 dis·

170 1831 257 1882 cesam
268 1815 448 1870 munitionum
457 1812 587 1884 praesidia
597 1809 773 1867 circumfundi
783 1821 907 1882 possent:
921 1831 973 1870 neu

170 1905 232 1946 cum
275 1887 400 1944 riculoex
410 1886 503 1942 castris
596 1885 877 1959 icogantur,·diernm
892 1888 974 1944 XXX

170 1961 242 2032 pabu
255 1977 300 2016 orn
311 1960 529 2031 iumentumque
552 1960 886 2016 abereomnesconvectum
891 1962 972 2018 nibet.

225 2033 334 2090 LXXV.
353 2035 423 2088 Dum
431 2033 497 2088 haec
506 2033 541 2087 ad
550 2032 666 2088 Alesiam
675 2042 812 2106 geruntur,
821 2034 975 2100 Gallieno-

170 2108 231 2164 cilio
240 2106 509 2180 principumindicto,
521 2124 574 2162 uon
585 2125 686 2172 omnes,
694 2108 742 2180 qui
751 2123 824 2163 arma
834 2107 904 2165 ferre
912 2127 975 2182 pos·

171 2190 239 2247 sent,
257 2188 289 2236 ut
300 2180 405 2236 censuit
416 2179 623 2254 Vercingetorix,
644 2181 825 2238 convocandos
841 2190 973 2250 statuunt,

170 2256 327 2314 sedcertum
340 2256 593 2328 uumerumcuique
600 2256 698 2312 civitati
708 2255 911 2327 imperandum,
931 2276 974 2322 ue,

170 2339 243 2392 tanta
250 2328 421 2392 multitudine
429 2326 547 2394 melosa,
558 2345 608 2386 nec
616 2330 756 2396 moderari,
769 2347 817 2386 nec
825 2331 977 2388 discernere

171 2423 245 2473 suos,
259 2421 308 2464 nec
316 2402 496 2461 frumentandi
506 2403 634 2460 rationem
643 2404 740 2460 habere
748 2411 866 2476 possent.
887 2407 976 2479 Impe-

172 2490 232 2537 rant
240 2481 340 2538 Aeduis
351 2487 430 2552 atque
439 2494 531 2534 eorum
541 2475 692 2540 clientibus,
704 2477 867 2550 Segusianis
879 2480 977 2536 Ambi-

171 2556 279 2622 varetis,
303 2554 422 2612 Aulercis
440 2550 658 2616 crannovieibus,
681 2550 869 2628 [Brannoviis,]
889 2554 975 2609 millia

172 2629 289 2698 XXXV3
310 2643 554 2701 paremnumerum
563 2623 699 2684 merab.
710 2625 842 2682 adiunctis
849 2627 976 2686 Eleutbo
