<?xml version="1.0" encoding="UTF-8"?>
<!DOCTYPE html PUBLIC "-//W3C//DTD XHTML 1.0 Transitional//EN"
    "http://www.w3.org/TR/xhtml1/DTD/xhtml1-transitional.dtd">
<html xmlns="http://www.w3.org/1999/xhtml" xml:lang="en" lang="en">
 <head>
  <title>
</title>
<meta http-equiv="Content-Type" content="text/html;charset=utf-8" />
  <meta name='ocr-system' content='tesseract 3.04.00' />
  <meta name='ocr-capabilities' content='ocr_page ocr_carea ocr_par ocr_line ocrx_word'/>
</head>
<body>
  <div class='ocr_page' id='page_1' title='image "./ciuliicaesarisc04caesgoog_0434.png"; bbox 0 0 2042 3004; ppageno 0'>
   <div class='ocr_carea' id='block_1_1' title="bbox 189 136 846 192">
    <p class='ocr_par' dir='ltr' id='par_1_1' title="bbox 189 136 846 192">
     <span class='ocr_line' id='line_1_1' title="bbox 189 136 846 192; baseline 0.008 -5"><span class='ocrx_word' id='word_1_1' title='bbox 189 136 491 188; x_wconf 68' lang='lat' dir='ltr'><strong>ALEXANDRINO.=</strong></span> <span class='ocrx_word' id='word_1_2' title='bbox 513 139 593 186; x_wconf 77' lang='lat' dir='ltr'>CAP.</span> <span class='ocrx_word' id='word_1_3' title='bbox 608 140 651 188; x_wconf 79' lang='lat' dir='ltr'><strong>tr.</strong></span> <span class='ocrx_word' id='word_1_4' title='bbox 666 141 708 189; x_wconf 78' lang='lat' dir='ltr'><strong>ta.</strong></span> <span class='ocrx_word' id='word_1_5' title='bbox 800 137 846 192; x_wconf 74' lang='lat' dir='ltr'><strong>ldl</strong></span> 
     </span>
    </p>
   </div>
   <div class='ocr_carea' id='block_1_2' title="bbox 46 237 853 1064">
    <p class='ocr_par' dir='ltr' id='par_1_2' title="bbox 46 237 853 1064">
     <span class='ocr_line' id='line_1_2' title="bbox 46 237 853 316; baseline 0.007 -22"><span class='ocrx_word' id='word_1_6' title='bbox 46 238 151 311; x_wconf 87' lang='lat' dir='ltr'><strong>partim</strong></span> <span class='ocrx_word' id='word_1_7' title='bbox 167 237 317 316; x_wconf 79' lang='lat' dir='ltr'><strong>Interfectis.</strong></span> <span class='ocrx_word' id='word_1_8' title='bbox 330 239 425 310; x_wconf 89' lang='lat' dir='ltr'><strong>partim</strong></span> <span class='ocrx_word' id='word_1_9' title='bbox 436 255 547 294; x_wconf 83' lang='lat' dir='ltr'><strong>suorum</strong></span> <span class='ocrx_word' id='word_1_10' title='bbox 559 240 637 296; x_wconf 89' lang='lat' dir='ltr'><strong>ruina</strong></span> <span class='ocrx_word' id='word_1_11' title='bbox 650 242 793 314; x_wconf 81' lang='lat' dir='ltr'><strong>oppressis,</strong></span> <span class='ocrx_word' id='word_1_12' title='bbox 803 246 853 316; x_wconf 90' lang='lat' dir='ltr'><strong>qui</strong></span> 
     </span>
     <span class='ocr_line' id='line_1_3' title="bbox 47 312 852 387; baseline 0.004 -17"><span class='ocrx_word' id='word_1_13' title='bbox 47 312 192 370; x_wconf 86' lang='lat' dir='ltr'><strong>velocitate</strong></span> <span class='ocrx_word' id='word_1_14' title='bbox 200 313 315 387; x_wconf 84' lang='lat' dir='ltr'><strong>effugere</strong></span> <span class='ocrx_word' id='word_1_15' title='bbox 325 321 452 385; x_wconf 78' lang='lat' dir='ltr'><strong>poterant,</strong></span> <span class='ocrx_word' id='word_1_16' title='bbox 465 314 547 370; x_wconf 88' lang='lat' dir='ltr'><strong>armis</strong></span> <span class='ocrx_word' id='word_1_17' title='bbox 556 322 643 370; x_wconf 89' lang='lat' dir='ltr'><strong>tamen</strong></span> <span class='ocrx_word' id='word_1_18' title='bbox 654 317 782 387; x_wconf 85' lang='lat' dir='ltr'><strong>proiectis,</strong></span> <span class='ocrx_word' id='word_1_19' title='bbox 794 319 852 374; x_wconf 85' lang='lat' dir='ltr'><strong>vaf-</strong></span> 
     </span>
     <span class='ocr_line' id='line_1_4' title="bbox 48 387 853 464; baseline 0.002 -18"><span class='ocrx_word' id='word_1_20' title='bbox 48 388 106 446; x_wconf 87' lang='lat' dir='ltr'><strong>lem</strong></span> <span class='ocrx_word' id='word_1_21' title='bbox 121 389 291 463; x_wconf 71' lang='lat' dir='ltr'><strong>transgressi,</strong></span> <span class='ocrx_word' id='word_1_22' title='bbox 311 388 379 444; x_wconf 92' lang='lat' dir='ltr'><strong>nibil</strong></span> <span class='ocrx_word' id='word_1_23' title='bbox 391 406 425 444; x_wconf 85' lang='lat' dir='ltr'><strong>ex</strong></span> <span class='ocrx_word' id='word_1_24' title='bbox 437 387 492 444; x_wconf 87' lang='lat' dir='ltr'><strong>loco</strong></span> <span class='ocrx_word' id='word_1_25' title='bbox 504 390 638 460; x_wconf 81' lang='lat' dir='ltr'><strong>superiore</strong></span> <span class='ocrx_word' id='word_1_26' title='bbox 647 392 760 446; x_wconf 86' lang='lat' dir='ltr'><strong>inermes</strong></span> <span class='ocrx_word' id='word_1_27' title='bbox 773 394 853 464; x_wconf 85' lang='lat' dir='ltr'><strong>profr-</strong></span> 
     </span>
     <span class='ocr_line' id='line_1_5' title="bbox 48 463 852 539; baseline 0.004 -19"><span class='ocrx_word' id='word_1_28' title='bbox 48 481 110 520; x_wconf 87' lang='lat' dir='ltr'><strong>cere</strong></span> <span class='ocrx_word' id='word_1_29' title='bbox 119 472 251 536; x_wconf 85' lang='lat' dir='ltr'><strong>poterant.</strong></span> <span class='ocrx_word' id='word_1_30' title='bbox 271 463 406 530; x_wconf 77' lang='lat' dir='ltr'><strong>htuostri,</strong></span> <span class='ocrx_word' id='word_1_31' title='bbox 421 464 528 521; x_wconf 87' lang='lat' dir='ltr'><strong>victoria</strong></span> <span class='ocrx_word' id='word_1_32' title='bbox 538 464 608 530; x_wconf 83' lang='lat' dir='ltr'><strong>elati,</strong></span> <span class='ocrx_word' id='word_1_33' title='bbox 626 466 716 520; x_wconf 86' lang='lat' dir='ltr'><strong>subire</strong></span> <span class='ocrx_word' id='word_1_34' title='bbox 728 467 852 539; x_wconf 89' lang='lat' dir='ltr'><strong>iniquum</strong></span> 
     </span>
     <span class='ocr_line' id='line_1_6' title="bbox 48 537 853 612; baseline 0.007 -18"><span class='ocrx_word' id='word_1_35' title='bbox 48 539 155 604; x_wconf 83' lang='lat' dir='ltr'><strong>locum,</strong></span> <span class='ocrx_word' id='word_1_36' title='bbox 166 539 381 612; x_wconf 80' lang='lat' dir='ltr'>munitionesque</span> <span class='ocrx_word' id='word_1_37' title='bbox 392 537 500 612; x_wconf 86' lang='lat' dir='ltr'><strong>adgredi</strong></span> <span class='ocrx_word' id='word_1_38' title='bbox 510 557 563 596; x_wconf 87' lang='lat' dir='ltr'><strong>non</strong></span> <span class='ocrx_word' id='word_1_39' title='bbox 575 540 739 599; x_wconf 87' lang='lat' dir='ltr'><strong>dubitarunt.</strong></span> <span class='ocrx_word' id='word_1_40' title='bbox 759 542 853 607; x_wconf 77' lang='lat' dir='ltr'><strong>Defen-</strong></span> 
     </span>
     <span class='ocr_line' id='line_1_7' title="bbox 48 613 852 688; baseline 0.002 -18"><span class='ocrx_word' id='word_1_41' title='bbox 48 613 181 670; x_wconf 88' lang='lat' dir='ltr'><strong>dentibus</strong></span> <span class='ocrx_word' id='word_1_42' title='bbox 193 621 281 670; x_wconf 87' lang='lat' dir='ltr'><strong>autem</strong></span> <span class='ocrx_word' id='word_1_43' title='bbox 295 614 328 670; x_wconf 85' lang='lat' dir='ltr'><strong>iis</strong></span> <span class='ocrx_word' id='word_1_44' title='bbox 342 614 493 670; x_wconf 77' lang='lat' dir='ltr'><strong>cohortibus</strong></span> <span class='ocrx_word' id='word_1_45' title='bbox 507 623 599 681; x_wconf 90' lang='lat' dir='ltr'><strong>castra,</strong></span> <span class='ocrx_word' id='word_1_46' title='bbox 620 633 688 688; x_wconf 86' lang='lat' dir='ltr'><strong>quas</strong></span> <span class='ocrx_word' id='word_1_47' title='bbox 707 617 852 672; x_wconf 87' lang='lat' dir='ltr'><strong>Pharnaces</strong></span> 
     </span>
     <span class='ocr_line' id='line_1_8' title="bbox 50 687 852 765; baseline 0.006 -24"><span class='ocrx_word' id='word_1_48' title='bbox 50 687 188 761; x_wconf 85' lang='lat' dir='ltr'><strong>praesidio</strong></span> <span class='ocrx_word' id='word_1_49' title='bbox 197 688 345 761; x_wconf 82' lang='lat' dir='ltr'><strong>reIIquerat,</strong></span> <span class='ocrx_word' id='word_1_50' title='bbox 369 688 484 746; x_wconf 75' lang='lat' dir='ltr'><strong>celeriter</strong></span> <span class='ocrx_word' id='word_1_51' title='bbox 495 691 587 748; x_wconf 84' lang='lat' dir='ltr'><strong>castris</strong></span> <span class='ocrx_word' id='word_1_52' title='bbox 602 691 718 746; x_wconf 90' lang='lat' dir='ltr'><strong>bostium</strong></span> <span class='ocrx_word' id='word_1_53' title='bbox 733 701 795 748; x_wconf 91' lang='lat' dir='ltr'><strong>sunt</strong></span> <span class='ocrx_word' id='word_1_54' title='bbox 804 710 852 765; x_wconf 91' lang='lat' dir='ltr'><strong>po-</strong></span> 
     </span>
     <span class='ocr_line' id='line_1_9' title="bbox 51 762 852 838; baseline 0.005 -20"><span class='ocrx_word' id='word_1_55' title='bbox 51 763 105 818; x_wconf 87' lang='lat' dir='ltr'><strong>titi.</strong></span> <span class='ocrx_word' id='word_1_56' title='bbox 126 762 260 818; x_wconf 88' lang='lat' dir='ltr'><strong>Interfecta</strong></span> <span class='ocrx_word' id='word_1_57' title='bbox 270 763 567 832; x_wconf 85' lang='lat' dir='ltr'><strong>multitudmesuorum,</strong></span> <span class='ocrx_word' id='word_1_58' title='bbox 584 774 719 838; x_wconf 86' lang='lat' dir='ltr'><strong>autcapta,</strong></span> <span class='ocrx_word' id='word_1_59' title='bbox 735 768 852 822; x_wconf 86' lang='lat' dir='ltr'><strong>Pharna-</strong></span> 
     </span>
     <span class='ocr_line' id='line_1_10' title="bbox 51 839 851 914; baseline 0.005 -20"><span class='ocrx_word' id='word_1_60' title='bbox 51 855 98 894; x_wconf 90' lang='lat' dir='ltr'><strong>ces</strong></span> <span class='ocrx_word' id='word_1_61' title='bbox 113 855 175 894; x_wconf 90' lang='lat' dir='ltr'><strong>cum</strong></span> <span class='ocrx_word' id='word_1_62' title='bbox 189 839 280 910; x_wconf 87' lang='lat' dir='ltr'><strong>paucis</strong></span> <span class='ocrx_word' id='word_1_63' title='bbox 289 840 423 911; x_wconf 88' lang='lat' dir='ltr'><strong>equitibus</strong></span> <span class='ocrx_word' id='word_1_64' title='bbox 437 840 566 914; x_wconf 81' lang='lat' dir='ltr'><strong>profugit:</strong></span> <span class='ocrx_word' id='word_1_65' title='bbox 587 841 630 896; x_wconf 91' lang='lat' dir='ltr'><strong>cui</strong></span> <span class='ocrx_word' id='word_1_66' title='bbox 644 843 695 896; x_wconf 91' lang='lat' dir='ltr'><strong>nisi</strong></span> <span class='ocrx_word' id='word_1_67' title='bbox 706 851 851 898; x_wconf 89' lang='lat' dir='ltr'><strong>castrorum</strong></span> 
     </span>
     <span class='ocr_line' id='line_1_11' title="bbox 51 912 849 993; baseline 0.003 -21"><span class='ocrx_word' id='word_1_68' title='bbox 51 914 219 988; x_wconf 79' lang='lat' dir='ltr'><strong>oppugnatio</strong></span> <span class='ocrx_word' id='word_1_69' title='bbox 231 912 380 970; x_wconf 87' lang='lat' dir='ltr'><strong>facultatem</strong></span> <span class='ocrx_word' id='word_1_70' title='bbox 394 915 531 971; x_wconf 85' lang='lat' dir='ltr'><strong>adtulisset</strong></span> <span class='ocrx_word' id='word_1_71' title='bbox 549 915 659 972; x_wconf 90' lang='lat' dir='ltr'><strong>liberius</strong></span> <span class='ocrx_word' id='word_1_72' title='bbox 672 917 849 993; x_wconf 78' lang='lat' dir='ltr'><strong>profugiendi,</strong></span> 
     </span>
     <span class='ocr_line' id='line_1_12' title="bbox 51 989 686 1064; baseline 0 -17"><span class='ocrx_word' id='word_1_73' title='bbox 51 990 137 1048; x_wconf 86' lang='lat' dir='ltr'><strong>vivus</strong></span> <span class='ocrx_word' id='word_1_74' title='bbox 147 989 175 1046; x_wconf 92' lang='lat' dir='ltr'><strong>in</strong></span> <span class='ocrx_word' id='word_1_75' title='bbox 186 989 304 1047; x_wconf 77' lang='lat' dir='ltr'><strong>Caesaris</strong></span> <span class='ocrx_word' id='word_1_76' title='bbox 313 997 465 1064; x_wconf 80' lang='lat' dir='ltr'><strong>potestatem</strong></span> <span class='ocrx_word' id='word_1_77' title='bbox 473 990 602 1047; x_wconf 91' lang='lat' dir='ltr'><strong>adductus</strong></span> <span class='ocrx_word' id='word_1_78' title='bbox 611 1001 686 1050; x_wconf 86' lang='lat' dir='ltr'><strong>esset.</strong></span> 
     </span>
    </p>
   </div>
   <div class='ocr_carea' id='block_1_3' title="bbox 52 1109 852 1856">
    <p class='ocr_par' dir='ltr' id='par_1_3' title="bbox 52 1109 852 1856">
     <span class='ocr_line' id='line_1_13' title="bbox 111 1109 851 1172; baseline 0.004 -6"><span class='ocrx_word' id='word_1_79' title='bbox 111 1112 246 1169; x_wconf 85' lang='lat' dir='ltr'>LXXVII.</span> <span class='ocrx_word' id='word_1_80' title='bbox 266 1109 323 1166; x_wconf 88' lang='lat' dir='ltr'><strong>Tali</strong></span> <span class='ocrx_word' id='word_1_81' title='bbox 333 1112 440 1166; x_wconf 88' lang='lat' dir='ltr'><strong>victoria</strong></span> <span class='ocrx_word' id='word_1_82' title='bbox 454 1114 528 1167; x_wconf 84' lang='lat' dir='ltr'><strong>toties</strong></span> <span class='ocrx_word' id='word_1_83' title='bbox 540 1113 623 1168; x_wconf 83' lang='lat' dir='ltr'><strong>victor</strong></span> <span class='ocrx_word' id='word_1_84' title='bbox 633 1113 726 1170; x_wconf 85' lang='lat' dir='ltr'><strong>Caesar</strong></span> <span class='ocrx_word' id='word_1_85' title='bbox 737 1115 851 1172; x_wconf 86' lang='lat' dir='ltr'><strong>incredi-</strong></span> 
     </span>
     <span class='ocr_line' id='line_1_14' title="bbox 52 1185 849 1258; baseline 0.001 -14"><span class='ocrx_word' id='word_1_86' title='bbox 52 1186 104 1244; x_wconf 89' lang='lat' dir='ltr'><strong>bili</strong></span> <span class='ocrx_word' id='word_1_87' title='bbox 115 1195 154 1240; x_wconf 89' lang='lat' dir='ltr'><strong>est</strong></span> <span class='ocrx_word' id='word_1_88' title='bbox 164 1185 259 1242; x_wconf 86' lang='lat' dir='ltr'><strong>laetitia</strong></span> <span class='ocrx_word' id='word_1_89' title='bbox 274 1186 399 1251; x_wconf 87' lang='lat' dir='ltr'><strong>adfectus,</strong></span> <span class='ocrx_word' id='word_1_90' title='bbox 420 1187 493 1258; x_wconf 86' lang='lat' dir='ltr'><strong>quod</strong></span> <span class='ocrx_word' id='word_1_91' title='bbox 507 1189 655 1243; x_wconf 86' lang='lat' dir='ltr'><strong>maximum</strong></span> <span class='ocrx_word' id='word_1_92' title='bbox 670 1189 770 1245; x_wconf 89' lang='lat' dir='ltr'><strong>bellum</strong></span> <span class='ocrx_word' id='word_1_93' title='bbox 778 1198 849 1248; x_wconf 85' lang='lat' dir='ltr'><strong>tanta</strong></span> 
     </span>
     <span class='ocr_line' id='line_1_15' title="bbox 52 1260 851 1334; baseline 0.005 -18"><span class='ocrx_word' id='word_1_94' title='bbox 52 1260 185 1316; x_wconf 88' lang='lat' dir='ltr'><strong>celeritate</strong></span> <span class='ocrx_word' id='word_1_95' title='bbox 193 1261 348 1320; x_wconf 85' lang='lat' dir='ltr'><strong>confecerat:</strong></span> <span class='ocrx_word' id='word_1_96' title='bbox 370 1261 495 1332; x_wconf 90' lang='lat' dir='ltr'><strong>quodque</strong></span> <span class='ocrx_word' id='word_1_97' title='bbox 504 1263 584 1316; x_wconf 90' lang='lat' dir='ltr'><strong>subiti</strong></span> <span class='ocrx_word' id='word_1_98' title='bbox 594 1263 702 1334; x_wconf 88' lang='lat' dir='ltr'><strong>periculi</strong></span> <span class='ocrx_word' id='word_1_99' title='bbox 710 1265 851 1320; x_wconf 89' lang='lat' dir='ltr'><strong>recordatio</strong></span> 
     </span>
     <span class='ocr_line' id='line_1_16' title="bbox 54 1335 850 1409; baseline 0.004 -18"><span class='ocrx_word' id='word_1_100' title='bbox 54 1344 96 1391; x_wconf 88' lang='lat' dir='ltr'><strong>est</strong></span> <span class='ocrx_word' id='word_1_101' title='bbox 106 1335 204 1401; x_wconf 81' lang='lat' dir='ltr'><strong>laetior,</strong></span> <span class='ocrx_word' id='word_1_102' title='bbox 225 1337 297 1409; x_wconf 90' lang='lat' dir='ltr'><strong>quod</strong></span> <span class='ocrx_word' id='word_1_103' title='bbox 313 1336 421 1391; x_wconf 85' lang='lat' dir='ltr'><strong>victoria</strong></span> <span class='ocrx_word' id='word_1_104' title='bbox 439 1335 523 1390; x_wconf 87' lang='lat' dir='ltr'><strong>facilis</strong></span> <span class='ocrx_word' id='word_1_105' title='bbox 541 1353 574 1391; x_wconf 86' lang='lat' dir='ltr'><strong>ex</strong></span> <span class='ocrx_word' id='word_1_106' title='bbox 594 1337 757 1392; x_wconf 86' lang='lat' dir='ltr'><strong>difficillimis</strong></span> <span class='ocrx_word' id='word_1_107' title='bbox 771 1341 850 1394; x_wconf 91' lang='lat' dir='ltr'><strong>rebus</strong></span> 
     </span>
     <span class='ocr_line' id='line_1_17' title="bbox 54 1409 850 1484; baseline 0.001 -18"><span class='ocrx_word' id='word_1_108' title='bbox 54 1409 192 1466; x_wconf 85' lang='lat' dir='ltr'><strong>acciderat.</strong></span> <span class='ocrx_word' id='word_1_109' title='bbox 211 1412 293 1469; x_wconf 90' lang='lat' dir='ltr'><strong>Ponto</strong></span> <span class='ocrx_word' id='word_1_110' title='bbox 307 1418 418 1481; x_wconf 86' lang='lat' dir='ltr'><strong>recepte,</strong></span> <span class='ocrx_word' id='word_1_111' title='bbox 438 1410 533 1481; x_wconf 88' lang='lat' dir='ltr'><strong>praeda</strong></span> <span class='ocrx_word' id='word_1_112' title='bbox 547 1411 621 1465; x_wconf 90' lang='lat' dir='ltr'><strong>omni</strong></span> <span class='ocrx_word' id='word_1_113' title='bbox 636 1411 705 1484; x_wconf 88' lang='lat' dir='ltr'><strong>regia</strong></span> <span class='ocrx_word' id='word_1_114' title='bbox 720 1412 850 1468; x_wconf 88' lang='lat' dir='ltr'><strong>militibus</strong></span> 
     </span>
     <span class='ocr_line' id='line_1_18' title="bbox 54 1485 851 1558; baseline 0.001 -17"><span class='ocrx_word' id='word_1_115' title='bbox 54 1485 210 1552; x_wconf 89' lang='lat' dir='ltr'><strong>condonata,</strong></span> <span class='ocrx_word' id='word_1_116' title='bbox 232 1495 334 1558; x_wconf 89' lang='lat' dir='ltr'><strong>postero</strong></span> <span class='ocrx_word' id='word_1_117' title='bbox 352 1486 396 1542; x_wconf 90' lang='lat' dir='ltr'><strong>die</strong></span> <span class='ocrx_word' id='word_1_118' title='bbox 413 1503 474 1540; x_wconf 92' lang='lat' dir='ltr'><strong>cum</strong></span> <span class='ocrx_word' id='word_1_119' title='bbox 492 1485 621 1556; x_wconf 86' lang='lat' dir='ltr'><strong>expeditis</strong></span> <span class='ocrx_word' id='word_1_120' title='bbox 639 1486 772 1556; x_wconf 91' lang='lat' dir='ltr'><strong>equitibus</strong></span> <span class='ocrx_word' id='word_1_121' title='bbox 795 1487 851 1558; x_wconf 87' lang='lat' dir='ltr'><strong>ipse</strong></span> 
     </span>
     <span class='ocr_line' id='line_1_19' title="bbox 54 1559 851 1635; baseline 0.003 -21"><span class='ocrx_word' id='word_1_122' title='bbox 54 1560 244 1635; x_wconf 78' lang='lat' dir='ltr'><strong>proficiscitur3</strong></span> <span class='ocrx_word' id='word_1_123' title='bbox 275 1561 403 1635; x_wconf 87' lang='lat' dir='ltr'><strong>legionem</strong></span> <span class='ocrx_word' id='word_1_124' title='bbox 424 1567 526 1616; x_wconf 83' lang='lat' dir='ltr'><strong>sextam</strong></span> <span class='ocrx_word' id='word_1_125' title='bbox 545 1559 667 1614; x_wconf 83' lang='lat' dir='ltr'><strong>decedere</strong></span> <span class='ocrx_word' id='word_1_126' title='bbox 684 1559 718 1614; x_wconf 90' lang='lat' dir='ltr'><strong>ad</strong></span> <span class='ocrx_word' id='word_1_127' title='bbox 735 1563 851 1631; x_wconf 85' lang='lat' dir='ltr'><strong>praemia</strong></span> 
     </span>
     <span class='ocr_line' id='line_1_20' title="bbox 55 1633 851 1706; baseline 0 -16"><span class='ocrx_word' id='word_1_128' title='bbox 55 1644 137 1706; x_wconf 84' lang='lat' dir='ltr'><strong>atque</strong></span> <span class='ocrx_word' id='word_1_129' title='bbox 156 1636 268 1690; x_wconf 87' lang='lat' dir='ltr'><strong>honores</strong></span> <span class='ocrx_word' id='word_1_130' title='bbox 287 1634 449 1706; x_wconf 84' lang='lat' dir='ltr'><strong>accipiendos</strong></span> <span class='ocrx_word' id='word_1_131' title='bbox 468 1635 496 1690; x_wconf 93' lang='lat' dir='ltr'><strong>in</strong></span> <span class='ocrx_word' id='word_1_132' title='bbox 518 1634 620 1695; x_wconf 83' lang='lat' dir='ltr'><strong>ltaliam</strong></span> <span class='ocrx_word' id='word_1_133' title='bbox 639 1633 724 1689; x_wconf 83' lang='lat' dir='ltr'><strong>iubet:</strong></span> <span class='ocrx_word' id='word_1_134' title='bbox 752 1635 851 1690; x_wconf 85' lang='lat' dir='ltr'><strong>auxilia</strong></span> 
     </span>
     <span class='ocr_line' id='line_1_21' title="bbox 54 1708 852 1784; baseline -0.001 -19"><span class='ocrx_word' id='word_1_135' title='bbox 54 1709 169 1765; x_wconf 85' lang='lat' dir='ltr'><strong>Deiotari</strong></span> <span class='ocrx_word' id='word_1_136' title='bbox 188 1708 297 1762; x_wconf 92' lang='lat' dir='ltr'><strong>domum</strong></span> <span class='ocrx_word' id='word_1_137' title='bbox 316 1709 436 1765; x_wconf 88' lang='lat' dir='ltr'><strong>remittit:</strong></span> <span class='ocrx_word' id='word_1_138' title='bbox 464 1710 532 1766; x_wconf 88' lang='lat' dir='ltr'><strong>duas</strong></span> <span class='ocrx_word' id='word_1_139' title='bbox 551 1709 667 1784; x_wconf 87' lang='lat' dir='ltr'><strong>legiones</strong></span> <span class='ocrx_word' id='word_1_140' title='bbox 684 1725 745 1765; x_wconf 88' lang='lat' dir='ltr'><strong>cum</strong></span> <span class='ocrx_word' id='word_1_141' title='bbox 765 1709 852 1766; x_wconf 89' lang='lat' dir='ltr'><strong>Coelio</strong></span> 
     </span>
     <span class='ocr_line' id='line_1_22' title="bbox 54 1777 450 1856; baseline -0.01 -14"><span class='ocrx_word' id='word_1_142' title='bbox 54 1783 197 1842; x_wconf 89' lang='lat' dir='ltr'><strong>Vinicianc</strong></span> <span class='ocrx_word' id='word_1_143' title='bbox 207 1783 234 1838; x_wconf 92' lang='lat' dir='ltr'><strong>in</strong></span> <span class='ocrx_word' id='word_1_144' title='bbox 243 1784 325 1838; x_wconf 86' lang='lat' dir='ltr'><strong>Ponto</strong></span> <span class='ocrx_word' id='word_1_145' title='bbox 335 1777 450 1856; x_wconf 83' lang='lat' dir='ltr'><strong>reliquit.</strong></span> 
     </span>
    </p>
   </div>
   <div class='ocr_carea' id='block_1_4' title="bbox 55 1891 853 2720">
    <p class='ocr_par' dir='ltr' id='par_1_4' title="bbox 55 1891 853 2720">
     <span class='ocr_line' id='line_1_23' title="bbox 112 1891 851 1969; baseline 0.005 -23"><span class='ocrx_word' id='word_1_146' title='bbox 112 1891 256 1947; x_wconf 85' lang='lat' dir='ltr'>LXXVIII.</span> <span class='ocrx_word' id='word_1_147' title='bbox 277 1893 315 1948; x_wconf 90' lang='lat' dir='ltr'><strong>Ita</strong></span> <span class='ocrx_word' id='word_1_148' title='bbox 331 1910 378 1965; x_wconf 90' lang='lat' dir='ltr'><strong>per</strong></span> <span class='ocrx_word' id='word_1_149' title='bbox 387 1891 592 1968; x_wconf 81' lang='lat' dir='ltr'><strong>Gallograeciam</strong></span> <span class='ocrx_word' id='word_1_150' title='bbox 605 1893 810 1969; x_wconf 85' lang='lat' dir='ltr'><strong>Bithyniamque</strong></span> <span class='ocrx_word' id='word_1_151' title='bbox 823 1895 851 1950; x_wconf 92' lang='lat' dir='ltr'><strong>in</strong></span> 
     </span>
     <span class='ocr_line' id='line_1_24' title="bbox 55 1965 852 2042; baseline 0.003 -18"><span class='ocrx_word' id='word_1_152' title='bbox 55 1969 148 2024; x_wconf 80' lang='lat' dir='ltr'><strong>Asiam</strong></span> <span class='ocrx_word' id='word_1_153' title='bbox 163 1967 212 2022; x_wconf 85' lang='lat' dir='ltr'><strong>iter</strong></span> <span class='ocrx_word' id='word_1_154' title='bbox 225 1965 295 2033; x_wconf 88' lang='lat' dir='ltr'><strong>facit,</strong></span> <span class='ocrx_word' id='word_1_155' title='bbox 316 1968 491 2041; x_wconf 87' lang='lat' dir='ltr'><strong>omniumque</strong></span> <span class='ocrx_word' id='word_1_156' title='bbox 505 1987 596 2025; x_wconf 90' lang='lat' dir='ltr'><strong>earum</strong></span> <span class='ocrx_word' id='word_1_157' title='bbox 610 1971 805 2042; x_wconf 88' lang='lat' dir='ltr'><strong>provinciarum</strong></span> <span class='ocrx_word' id='word_1_158' title='bbox 818 1971 852 2026; x_wconf 90' lang='lat' dir='ltr'><strong>de</strong></span> 
     </span>
     <span class='ocr_line' id='line_1_25' title="bbox 56 2043 848 2118; baseline 0 -18"><span class='ocrx_word' id='word_1_159' title='bbox 56 2043 241 2100; x_wconf 87' lang='lat' dir='ltr'><strong>controversiis</strong></span> <span class='ocrx_word' id='word_1_160' title='bbox 259 2044 394 2118; x_wconf 80' lang='lat' dir='ltr'><strong>cognoscit</strong></span> <span class='ocrx_word' id='word_1_161' title='bbox 411 2053 437 2100; x_wconf 87' lang='lat' dir='ltr'><strong>et</strong></span> <span class='ocrx_word' id='word_1_162' title='bbox 455 2045 554 2110; x_wconf 86' lang='lat' dir='ltr'><strong>statuit,</strong></span> <span class='ocrx_word' id='word_1_163' title='bbox 574 2045 631 2100; x_wconf 89' lang='lat' dir='ltr'><strong>iura</strong></span> <span class='ocrx_word' id='word_1_164' title='bbox 651 2046 679 2102; x_wconf 92' lang='lat' dir='ltr'><strong>in</strong></span> <span class='ocrx_word' id='word_1_165' title='bbox 699 2047 848 2112; x_wconf 84' lang='lat' dir='ltr'><strong>tetrarchas,</strong></span> 
     </span>
     <span class='ocr_line' id='line_1_26' title="bbox 57 2118 848 2196; baseline 0.004 -22"><span class='ocrx_word' id='word_1_166' title='bbox 57 2135 141 2191; x_wconf 84' lang='lat' dir='ltr'><strong>reges,</strong></span> <span class='ocrx_word' id='word_1_167' title='bbox 157 2118 273 2174; x_wconf 84' lang='lat' dir='ltr'><strong>civitates</strong></span> <span class='ocrx_word' id='word_1_168' title='bbox 287 2119 432 2176; x_wconf 89' lang='lat' dir='ltr'><strong>distribuit.</strong></span> <span class='ocrx_word' id='word_1_169' title='bbox 456 2119 633 2176; x_wconf 84' lang='lat' dir='ltr'><strong>Mithridatem</strong></span> <span class='ocrx_word' id='word_1_170' title='bbox 647 2122 848 2196; x_wconf 85' lang='lat' dir='ltr'><strong>Pergamenum,</strong></span> 
     </span>
     <span class='ocr_line' id='line_1_27' title="bbox 58 2192 850 2271; baseline 0.003 -23"><span class='ocrx_word' id='word_1_171' title='bbox 58 2208 137 2263; x_wconf 84' lang='lat' dir='ltr'><strong>aquo</strong></span> <span class='ocrx_word' id='word_1_172' title='bbox 146 2209 200 2247; x_wconf 86' lang='lat' dir='ltr'><strong>rem</strong></span> <span class='ocrx_word' id='word_1_173' title='bbox 211 2192 318 2252; x_wconf 84' lang='lat' dir='ltr'><strong>feliciter</strong></span> <span class='ocrx_word' id='word_1_174' title='bbox 326 2195 495 2267; x_wconf 86' lang='lat' dir='ltr'><strong>celeriterque</strong></span> <span class='ocrx_word' id='word_1_175' title='bbox 503 2203 605 2270; x_wconf 87' lang='lat' dir='ltr'><strong>gestam</strong></span> <span class='ocrx_word' id='word_1_176' title='bbox 615 2196 850 2271; x_wconf 79' lang='lat' dir='ltr'><strong>inhegyptcsupra</strong></span> 
     </span>
     <span class='ocr_line' id='line_1_28' title="bbox 58 2265 851 2344; baseline 0.004 -22"><span class='ocrx_word' id='word_1_177' title='bbox 58 2265 222 2337; x_wconf 77' lang='lat' dir='ltr'><strong>scrIpsimus,</strong></span> <span class='ocrx_word' id='word_1_178' title='bbox 234 2270 305 2342; x_wconf 88' lang='lat' dir='ltr'><strong>regio</strong></span> <span class='ocrx_word' id='word_1_179' title='bbox 314 2287 409 2344; x_wconf 84' lang='lat' dir='ltr'><strong>genere</strong></span> <span class='ocrx_word' id='word_1_180' title='bbox 417 2279 514 2337; x_wconf 89' lang='lat' dir='ltr'><strong>crtum,</strong></span> <span class='ocrx_word' id='word_1_181' title='bbox 525 2270 673 2343; x_wconf 89' lang='lat' dir='ltr'><strong>disciplinis</strong></span> <span class='ocrx_word' id='word_1_182' title='bbox 683 2273 762 2327; x_wconf 86' lang='lat' dir='ltr'><strong>etiem</strong></span> <span class='ocrx_word' id='word_1_183' title='bbox 771 2271 851 2344; x_wconf 88' lang='lat' dir='ltr'><strong>regiis</strong></span> 
     </span>
     <span class='ocr_line' id='line_1_29' title="bbox 57 2341 852 2417; baseline 0.003 -19"><span class='ocrx_word' id='word_1_184' title='bbox 57 2341 207 2405; x_wconf 88' lang='lat' dir='ltr'><strong>educatum,</strong></span> <span class='ocrx_word' id='word_1_185' title='bbox 223 2341 293 2414; x_wconf 87' lang='lat' dir='ltr'><strong>(nam</strong></span> <span class='ocrx_word' id='word_1_186' title='bbox 303 2345 474 2409; x_wconf 83' lang='lat' dir='ltr'><strong>Mithridates,</strong></span> <span class='ocrx_word' id='word_1_187' title='bbox 495 2363 542 2402; x_wconf 87' lang='lat' dir='ltr'><strong>rex</strong></span> <span class='ocrx_word' id='word_1_188' title='bbox 551 2346 628 2403; x_wconf 85' lang='lat' dir='ltr'><strong>Asiae</strong></span> <span class='ocrx_word' id='word_1_189' title='bbox 638 2347 727 2411; x_wconf 89' lang='lat' dir='ltr'><strong>totius,</strong></span> <span class='ocrx_word' id='word_1_190' title='bbox 747 2353 852 2417; x_wconf 87' lang='lat' dir='ltr'><strong>propter</strong></span> 
     </span>
     <span class='ocr_line' id='line_1_30' title="bbox 58 2415 852 2491; baseline 0.003 -17"><span class='ocrx_word' id='word_1_191' title='bbox 58 2415 220 2474; x_wconf 90' lang='lat' dir='ltr'><strong>nobilitatem</strong></span> <span class='ocrx_word' id='word_1_192' title='bbox 231 2418 356 2491; x_wconf 88' lang='lat' dir='ltr'><strong>Pergamo</strong></span> <span class='ocrx_word' id='word_1_193' title='bbox 370 2421 511 2491; x_wconf 82' lang='lat' dir='ltr'><strong>parvulum</strong></span> <span class='ocrx_word' id='word_1_194' title='bbox 521 2419 814 2491; x_wconf 67' lang='lat' dir='ltr'><strong>secum&#39;abspcrtaverat</strong></span> <span class='ocrx_word' id='word_1_195' title='bbox 823 2420 852 2476; x_wconf 92' lang='lat' dir='ltr'><strong>in</strong></span> 
     </span>
     <span class='ocr_line' id='line_1_31' title="bbox 57 2489 853 2570; baseline -0.001 -21"><span class='ocrx_word' id='word_1_196' title='bbox 57 2499 150 2558; x_wconf 86' lang='lat' dir='ltr'><strong>castra,</strong></span> <span class='ocrx_word' id='word_1_197' title='bbox 160 2489 310 2564; x_wconf 87' lang='lat' dir='ltr'><strong>multosque</strong></span> <span class='ocrx_word' id='word_1_198' title='bbox 318 2501 434 2550; x_wconf 87' lang='lat' dir='ltr'><strong>tenuerat</strong></span> <span class='ocrx_word' id='word_1_199' title='bbox 442 2493 534 2569; x_wconf 84' lang='lat' dir='ltr'><strong>annos)</strong></span> <span class='ocrx_word' id='word_1_200' title='bbox 544 2513 632 2570; x_wconf 83' lang='lat' dir='ltr'><strong>regern</strong></span> <span class='ocrx_word' id='word_1_201' title='bbox 640 2495 853 2566; x_wconf 80' lang='lat' dir='ltr'><strong>bosporiccusti-</strong></span> 
     </span>
     <span class='ocr_line' id='line_1_32' title="bbox 59 2565 853 2642; baseline 0.003 -20"><span class='ocrx_word' id='word_1_202' title='bbox 59 2567 117 2633; x_wconf 90' lang='lat' dir='ltr'><strong>tuit,</strong></span> <span class='ocrx_word' id='word_1_203' title='bbox 130 2565 201 2638; x_wconf 92' lang='lat' dir='ltr'><strong>quod</strong></span> <span class='ocrx_word' id='word_1_204' title='bbox 212 2566 263 2621; x_wconf 89' lang='lat' dir='ltr'><strong>sub</strong></span> <span class='ocrx_word' id='word_1_205' title='bbox 274 2567 384 2639; x_wconf 84' lang='lat' dir='ltr'><strong>imperIo</strong></span> <span class='ocrx_word' id='word_1_206' title='bbox 393 2570 533 2626; x_wconf 84' lang='lat' dir='ltr'><strong>Pharnacis</strong></span> <span class='ocrx_word' id='word_1_207' title='bbox 543 2569 641 2640; x_wconf 87' lang='lat' dir='ltr'><strong>fuerat;</strong></span> <span class='ocrx_word' id='word_1_208' title='bbox 652 2569 853 2642; x_wconf 79' lang='lat' dir='ltr'><strong>pmrinciasque</strong></span> 
     </span>
     <span class='ocr_line' id='line_1_33' title="bbox 60 2641 853 2720; baseline 0.004 -22"><span class='ocrx_word' id='word_1_209' title='bbox 60 2641 149 2714; x_wconf 88' lang='lat' dir='ltr'><strong>populi</strong></span> <span class='ocrx_word' id='word_1_210' title='bbox 160 2641 272 2698; x_wconf 87' lang='lat' dir='ltr'><strong>Romani</strong></span> <span class='ocrx_word' id='word_1_211' title='bbox 281 2661 296 2698; x_wconf 89' lang='lat' dir='ltr'><strong>a</strong></span> <span class='ocrx_word' id='word_1_212' title='bbox 306 2643 425 2702; x_wconf 81' lang='lat' dir='ltr'><strong>barbaris</strong></span> <span class='ocrx_word' id='word_1_213' title='bbox 435 2655 514 2720; x_wconf 88' lang='lat' dir='ltr'><strong>atque</strong></span> <span class='ocrx_word' id='word_1_214' title='bbox 523 2645 638 2702; x_wconf 91' lang='lat' dir='ltr'><strong>inimicis</strong></span> <span class='ocrx_word' id='word_1_215' title='bbox 648 2645 765 2720; x_wconf 86' lang='lat' dir='ltr'><strong>regibus,</strong></span> <span class='ocrx_word' id='word_1_216' title='bbox 773 2647 853 2702; x_wconf 88' lang='lat' dir='ltr'><strong>inter-</strong></span> 
     </span>
    </p>
   </div>
   <div class='ocr_carea' id='block_1_5' title="bbox 0 0 1037 3004">
    <p class='ocr_par' dir='ltr' id='par_1_5' title="bbox 0 0 1037 3004">
     <span class='ocr_line' id='line_1_34' title="bbox 0 0 1037 3004; baseline 0 0"><span class='ocrx_word' id='word_1_217' title='bbox 0 0 1037 3004; x_wconf 95' lang='lat' dir='ltr'><strong> </strong></span> 
     </span>
    </p>
   </div>
  </div>
 </body>
</html>
