2072 2998
243 175 429 235 ,nnnvur
460 177 654 225 camena.
820 179 870 231 tte

64 278 128 342 bus,
141 274 283 341 incendiis,
297 276 397 348 rapinis
407 283 541 343 vastasset,
553 294 651 352 magno
665 294 775 334 numero
784 279 871 336 bomi-

65 367 132 406 num
149 349 287 404 interfecto
300 357 346 406 aut
358 358 447 424 capto:
468 353 616 408 Labienum
633 369 695 406 cum
709 350 815 408 duabus
834 354 870 409 le

63 425 196 500 gionibus
216 425 244 478 in
259 425 381 480 Treviros
394 425 483 492 mittit,
506 443 621 500 quorum
641 425 742 491 civitas,
764 435 871 499 propter

65 499 229 556 Germaniae
251 498 413 555 vicinitatem
435 501 596 574 quotidianis
620 501 758 555 exercitata
780 501 868 567 bellis,

64 575 153 632 cultu.
164 579 191 628 et
209 571 311 628 feritate
329 589 382 629 non
401 575 518 632 multum
537 575 706 630 aGermnnis
724 573 868 641 differebat,

65 665 157 722 neque
176 647 306 720 imperata
323 663 468 720 umquam,
494 649 546 704 nisi
566 649 683 706 exercitu
704 657 804 716 coacta,
831 649 871 705 la-

64 724 163 780 ciebat.

121 796 225 853 XXVI.
237 795 346 850 Interim
355 795 521 852 C.Caninius
534 795 644 870 legatus,
652 815 738 870 quum
744 815 870 872 maguam

64 869 271 930 multitudinem
289 870 445 926 convenisse
462 871 579 925 hostium
600 871 628 926 in
648 873 713 928 fines
732 873 870 928 Pictonum

64 946 162 1003 litteris
173 944 334 1016 nunciisque
343 945 443 1000 Duratii
452 953 627 1019 cognosceret,
647 947 696 1020 qni
705 954 830 1020 perpetuo
841 948 869 1004 in

63 1018 185 1078 amicitia
191 1020 372 1074 Romanorum
380 1028 659 1092 permanserat,quum
668 1039 730 1094 pars
739 1021 870 1095 quaedam

63 1094 184 1152 civitatis
193 1094 253 1148 eius
262 1091 411 1162 deiecisset3
426 1093 460 1149 ad
467 1094 596 1167 oppidum
606 1095 753 1150 Lemonum
763 1105 871 1152 eonten-

63 1172 116 1227 dit.
137 1168 200 1236 Quo
217 1184 305 1240 quum
324 1166 473 1223 adventaret
492 1177 571 1240 atque
588 1185 623 1224 ex
641 1170 753 1242 captivis
773 1173 870 1226 certius

62 1249 245 1319 cognosceret,
252 1240 345 1297 multis
355 1241 495 1297 hominum
505 1242 871 1312 millibu'sallumnaco‚duce

62 1317 198 1382 Andium,
209 1316 349 1372 Duratium
359 1315 480 1373 clausum
489 1317 598 1374 Lemoni
607 1334 678 1390 oppu
699 1319 769 1388 nari;
784 1335 871 1392 neque

62 1394 191 1451 infimas
204 1389 321 1465 legiones
335 1389 456 1446 hostibus
469 1391 631 1446 committere
646 1409 680 1446 uu
714 1399 765 1449 ret:
786 1399 870 1448 eastra

63 1465 240 1525 munitoloco
249 1464 348 1538 posuit.
380 1466 541 1530 Dumnacus,
562 1481 648 1536 quum
658 1464 871 1537 adpropinquare

62 1540 214 1602 Caninium
223 1539 399 1614 cognovisset,
410 1539 494 1611 copiis
503 1539 629 1594 omnibus
638 1537 672 1593 ud
681 1538 798 1612 legiones
807 1555 871 1594 con·

62 1616 163 1681 versis,
179 1623 264 1670 cestra
277 1615 458 1670 Rornanorum
472 1629 626 1687 oppugnare
639 1612 760 1668 instituit.
780 1613 870 1680 Quum

60 1690 219 1762 complures
232 1689 290 1746 dies
304 1689 332 1744 in
345 1689 541 1764 oppugnatione
556 1687 746 1743 consumsisset
758 1694 792 1750 et,
812 1704 870 1742 ma-

64 1781 124 1841 gno
142 1779 254 1820 suorum
272 1762 438 1829 detrimento,
459 1763 561 1819 nullam
576 1771 677 1836 purtem
691 1763 872 1828 munitionum,

63 1837 217 1896 convellere
224 1837 363 1910 potuisset,
384 1855 478 1894 rursus
488 1837 522 1893 ad
532 1837 710 1894 obsidendum
722 1839 870 1893 Lemonum

27 1985 36 2000 ⁸
121 1987 236 2045 xxvu.
256 1985 356 2045 Eodem
375 1993 491 2058 tempore
509 1987 540 2044 C.
560 1987 660 2043 Fabius
678 1985 779 2061 legatus
797 2003 870 2042 oom-

65 2064 158 2136 plures
165 2062 287 2118 civitam
296 2061 323 2117 in
336 2061 414 2116 tidem
425 2061 524 2134 recipit,
540 2061 679 2117 obsidibus
688 2061 783 2128 firmet,
802 2062 871 2118 litte-

65 2140 159 2211 risque
168 2137 201 2194 d.
213 2135 319 2192 Caninii
328 2135 415 2191 Rebili
429 2136 458 2190 lit
470 2137 573 2202 certior,
595 2153 665 2209 quae
680 2136 707 2192 in
719 2135 870 2192 Pictonibus

83 2219 205 2269 eranorr.
225 2209 331 2276 Quibus
343 2210 424 2265 rebus
432 2212 554 2285 eognitis,
566 2211 741 2284 proficiscitur
750 2211 784 2266 ed
793 2210 870 2265 anxi-

64 2232 134 2344 lium
144 2284 256 2342 Duratio
272 2283 421 2340 ferendum.
440 2284 475 2340 dt
486 2287 647 2351 Dumnacus,
664 2285 780 2341 adventu
794 2284 870 2338 Fabii

64 2363 187 2437 cognito,
208 2357 345 2430 desperata
362 2358 459 2425 salute,
480 2361 503 2415 si
522 2361 613 2416 eodem
632 2367 747 2429 tempore
764 2364 870 2412 mactus

64 2446 134 2493 essct
143 2443 171 2491 et
179 2434 331 2489 Romanum
342 2440 480 2489 externum
490 2437 620 2490 sustinere
629 2435 741 2496 bostem,
754 2439 779 2486 et
787 2431 870 2502 respi-

63 2529 123 2568 cere
132 2526 165 2566 ac
175 2509 269 2564 timere
280 2507 436 2580 oppidanos,
452 2518 557 2580 reponte
567 2526 597 2564 eo
606 2525 639 2563 ex
649 2506 706 2560 loco
715 2521 776 2560 cum
786 2506 870 2577 copiis

64 2585 180 2642 reoedit:
204 2598 290 2637 necse
302 2583 463 2638 satistutum
473 2582 528 2639 lore
538 2584 686 2645 arbitratur,
708 2579 761 2635 nisi
772 2579 870 2635 flumen

65 2659 197 2736 Ligerim,
210 2656 283 2728 quod
292 2665 346 2713 eret
358 2666 436 2730 ponte
444 2666 550 2732 propter
559 2654 772 2731 magnitudinem
785 2663 870 2710 nans-
