2064 2996
158 156 173 204 6
357 157 406 201 ors
429 140 553 203 nunno
577 157 745 204 onLnrco

154 261 318 325 prouinciam
330 262 428 326 faama,
445 266 582 326 propterea
597 261 664 325 quod
677 259 751 310 uliud
768 261 819 312 alea·
831 259 953 312 luberent

157 334 271 385 nullum:
291 348 392 400 requae,
411 340 441 386 ut
458 337 512 385 aitte
524 335 655 386 voluntate
669 335 698 386 id
708 335 759 384 eibi
770 337 858 401 [acere
867 335 951 386 liceat.

158 406 260 470 Caesar,
275 406 347 477 quod
360 406 486 461 memoria
500 403 616 472 tenebat,
635 407 668 460 L.
682 405 803 466 Cassium
816 406 952 462 consulem

158 481 283 545 occisum,
299 481 561 553 exercitumqueeius
570 481 604 536 ab
613 480 736 535 Helvetiis
745 479 855 552 pulsnm
863 488 889 534 et
901 481 953 535 sub
1021 503 1022 520 t

157 557 252 629 iugum
261 557 383 621 missum,
398 555 592 610 mnoedenduna
602 572 654 613 nou
667 555 787 626 putabat:
808 571 894 626 neque
906 554 955 610 ho-

158 633 244 686 mines
254 630 468 694 inimiooenimo,
486 629 901 702 datalamltataperpruviuoiam
911 630 955 684 iti-

127 723 130 730 ·
159 707 229 761 neris
239 704 364 770 faciundi,
380 703 887 776 temperatumoohiniurieotmalofioio
897 705 955 760 exi-

159 780 291 835 elimabat.
313 781 420 844 Tamen,
440 787 470 834 ut
483 780 598 851 spatium
612 779 770 834 intomsdare
777 787 873 851 posset,
886 779 954 834 dum

159 855 265 919 milites,
280 871 347 926 quos
358 855 538 926 imperaverat,
552 854 729 920 oouvenirent,
744 853 836 928 legat's
846 871 956 926 raspon-

158 930 206 993 dit,
230 933 297 983 diem
309 945 336 983 ee
346 934 383 983 od
396 928 590 985 deliberandmn
605 939 765 998 sumtuum
782 935 810 984 si
821 934 885 999 quid
901 933 955 986 vel-

160 1009 219 1069 ient,
234 1022 259 1058 o.
270 1008 295 1056 d.
306 1005 370 1058 Idus
377 1003 442 1072 Apr.
451 1013 650 1060 reuerterentur.

215 1077 284 1135 VIII.
305 1079 441 1133 Interesse
451 1077 561 1152 legIone,
576 1095 658 1152 quam
668 1094 757 1133 seeum
767 1078 888 1143 babebat,
904 1079 956 1134 mi-

161 1153 318 1226 litibusque,
340 1153 387 1225 qui
407 1169 441 1207 ox
453 1153 586 1224 provincie
601 1161 787 1218 convenerant,
810 1152 897 1208 elauu
908 1154 958 1208 Le·

160 1241 267 1294 manno,
288 1228 335 1300 qui
349 1228 377 1282 iu
391 1226 489 1282 llumen
499 1229 656 1285 Rhodanum
672 1227 778 1293 influit„
788 1227 824 1281 ad
834 1236 958 1285 *montem

160 1306 258 1369 Iuram,
271 1304 320 1376 qui
329 1302 582 1375 finesSequanorum
590 1303 626 1360 ab
635 1301 758 1359 Helvetiis
768 1301 871 1368 dividit,
882 1301 958 1357 milia

159 1395 289 1452 passuum
299 1377 387 1433 deoem
397 1393 491 1433 novem
501 1393 620 1444 murum,
639 1378 667 1433 in
681 1377 846 1434 altitudinem
858 1378 959 1449 pedum

160 1454 283 1519 sedecim,
299 1453 450 1526 fossamque
458 1453 586 1526 perducit.
606 1455 645 1510 Eo
657 1471 734 1526 opera
745 1451 865 1528 perlecto,
881 1469 960 1523 prae-

160 1529 228 1585 sidIa
241 1529 370 1602 disponit,
386 1527 490 1586 castella
506 1529 662 1592 eommunia
681 1544 737 1600 quo
750 1526 866 1588 sanilius,
887 1527 910 1579 si
932 1545 961 1582 se

160 1605 245 1662 invito
265 1605 377 1662 transire
393 1614 561 1668 donarentur,
580 1603 718 1675 prohibere
736 1601 827 1671 possit.
858 1600 909 1653 Ubi
930 1619 961 1656 ea
1002 1613 1007 1622 ‘

160 1680 226 1747 dles,
242 1697 324 1753 quam
331 1681 571 1736 eonstitueratoum
585 1675 782 1749 legatiqnenit,
798 1682 824 1727 et
833 1671 910 1746 legati
926 1677 961 1730 nd
1025 1707 1026 1721 ,

160 1772 223 1810 eum
232 1762 401 1818 reverterunt,
414 1763 500 1826 negat,
515 1768 543 1807 aa
555 1766 627 1805 mom
636 1759 661 1804 et
674 1752 790 1818 evemplo
800 1753 892 1817 popelt
907 1751 962 1806 Ito-

160 1834 233 1884 muoi
239 1830 314 1897 porse
323 1833 373 1882 iter
384 1831 434 1882 ulli
444 1845 494 1895 per
504 1829 667 1894 prootnoiom
676 1830 755 1893 dom
774 1833 807 1888 et,
822 1828 846 1878 et
854 1830 932 1896 olm(
947 1857 962 1867 -

162 1921 219 1958 aere
232 1911 364 1966 conentur,
381 1904 574 1971 prohibiturum
586 1899 709 1954 ostendit.
729 1897 849 1964 Helvetii,
868 1915 899 1955 oa
913 1917 962 1972 spe

161 1976 261 2041 deiecti,
276 1976 391 2032 navibus
399 1975 497 2030 iunctis
511 1975 666 2047 ratibusque
679 1972 861 2046 compluribus
874 1974 959 2040 laetis,

161 2051 205 2105 alii
217 2051 292 2106 vadis
302 2051 431 2117 Rhodani,
448 2067 501 2122 qua
511 2048 623 2106 nai'nIma
637 2049 747 2104 altitudo
762 2047 881 2104 llunnnIs
894 2060 959 2115 erat,

162 2141 365 2198 nonnumquam
379 2126 502 2191 interdiu,
523 2129 629 2198 saepius
643 2133 730 2190 noetu,
755 2125 778 2179 si
792 2141 963 2197 perrumpere

161 2209 276 2272 possent,
293 2201 387 2267 eonati,
402 2202 488 2274 operis
502 2201 650 2256 munitione
662 2211 687 2254 et
700 2199 815 2255 militum
830 2215 961 2256 oouoursu

161 2286 187 2332 et
197 2275 254 2334 telis
265 2275 372 2350 repulsi,
385 2277 436 2332 boo
442 2287 537 2332 oonatu
544 2276 710 2332 destiterunt.

216 2353 265 2409 IX.
285 2352 493 2426 Relinquebatur
502 2371 556 2408 una
567 2369 615 2426 per
623 2353 760 2424 Sequanos
772 2351 824 2414 via,
840 2367 903 2422 qua,
915 2349 963 2405 Se

162 2428 259 2500 quanio
271 2427 492 2502 Invitis,.propter
501 2432 637 2502 angustias
651 2429 688 2482 iro
701 2445 752 2482 non
766 2433 894 2498 poterant.
915 2425 962 2479 llis

162 2521 248 2576 quum
262 2522 310 2561 sua
324 2515 416 2578 sponte
436 2506 592 2578 persuadere
610 2521 663 2560 non
682 2511 796 2575 possent,
818 2501 916 2574 legatos
929 2499 964 2555 ad

164 2580 351 2655 uumnorigem
361 2580 483 2638 Aeduum
493 2582 609 2647 mittunt,
631 2591 662 2636 ut
673 2596 705 2634 eo
716 2579 879 2650 deprecatore
890 2593 906 2631 a
917 2574 964 2632 Se·

163 2656 259 2727 quanis
268 2656 447 2731 impetrarent.
463 2659 608 2714 Dumnonx
617 2656 701 2734 gratia
711 2662 736 2710 et
748 2653 883 2726 largitione
892 2649 964 2724 apud
