2072 2998
299 142 370 187 LIB.
386 142 454 188 vm.
483 143 564 190 GAP.
578 143 621 189 4⁹.
633 143 672 190 aa.
833 141 880 195 231

149 239 217 305 Scio,
229 239 365 296 Caeeamm
373 240 540 316 singulorum
549 259 677 297 annorum
687 242 805 317 singulos
813 261 885 301 com-

94 315 235 371 mentarios
251 313 406 372 confecisse:
426 317 498 389 quod
512 334 561 391 ego
581 333 634 372 non
650 317 800 372 existimavi
819 320 885 374 mibi

94 406 152 446 ema
170 387 328 455 laciendum,
349 398 481 463 prepterea
494 392 566 463 quod
581 391 723 462 insequens
736 410 831 458 annus,
852 395 885 450 L.

94 463 195 528 Paullo,
207 463 238 520 C.
248 464 368 520 Marcello
382 466 456 522 Coss.
470 467 557 522 nullas
570 483 611 521 res
624 465 726 522 Gallice
737 466 816 522 habet
829 485 886 522 ma·

93 557 147 670 1⁸⁰⁹
156 541 471 687 ‘’Pancbdnnlt
484 541 886 672 limilllllfibllffifflill

72 631 234 746 ‘gwibenda
242 688 477 764 coniungendaque
485 691 548 747 haio
556 632 741 746 coffmentarie
749 632 836 746 stbtdpia.

149 911 245 968 XL1K
266 911 368 976 Cassan
381 913 408 968 in
417 913 506 988 Belgio
516 929 601 986 quum
611 915 744 979 hiemaret,
759 929 844 969 unum
854 913 887 968 il-

96 987 140 1044 lud
152 988 315 1058 propositum
324 987 445 1054 habebat,
460 989 590 1044 continere
598 989 627 1045 in
636 989 748 1046 amicitia
758 989 884 1054 civitates,

96 1063 164 1118 nulli
172 1079 248 1133 spem
257 1071 303 1117 aut
310 1079 431 1118 caussam
439 1063 502 1118 dare
510 1081 656 1120 armorum:
676 1063 743 1118 nihil
754 1064 826 1119 enim
836 1064 888 1118 mi-

95 1137 271 1202 absumebat,
286 1154 367 1208 quem
381 1138 432 1192 sub
449 1138 557 1192 decessu
571 1155 619 1193 suo
638 1139 816 1194 nenessitatem
835 1139 886 1194 sibi

95 1211 212 1284 aliquam
222 1212 323 1282 imponi
332 1211 394 1266 belli
403 1212 519 1288 gerendi,
531 1229 574 1278 ne,
588 1230 673 1285 quum
685 1214 827 1268 exercitum
840 1213 887 1268 dc·

94 1286 223 1344 ducturus
245 1295 325 1351 esset,
349 1285 449 1342 bellum
468 1285 575 1358 aliquod
594 1287 791 1359 relinqueretur,
815 1288 885 1360 qnod

94 1363 182 1418 omnis
193 1359 279 1416 Gallia
291 1360 399 1416 libenter·
409 1362 466 1416 sine
475 1363 603 1434 praesenti
614 1361 730 1432 periculo
737 1363 885 1434 susciperet.

94 1438 195 1508 ltaque,
210 1436 352 1491 honorifice
360 1436 477 1491 civitates
486 1435 649 1506 adpellando,
661 1437 791 1508 principes
801 1437 888 1492 maxi-

94 1512 149 1568 mis
159 1511 282 1582 premiis
294 1510 446 1575 adliciendo,
462 1509 535 1565 nulla
547 1527 626 1566 onera
639 1527 706 1565 nova
719 1511 885 1581 imponendo,

95 1585 225 1642 defessam
235 1593 272 1640 tot
285 1585 401 1641 adversis
415 1584 520 1657 proeliis
532 1583 655 1648 Galliam,
677 1584 823 1641 conditione
841 1601 888 1656 pa-

95 1659 173 1716 randi
181 1659 294 1723 meliore.
306 1657 380 1715 iacile
389 1659 416 1714 ia
426 1675 488 1732 pace
497 1659 634 1714 continuit.
652 1679 655 1689 ι

154 1735 184 1788 L.
203 1737 269 1807 Ipse,
281 1733 398 1790 hibernis
408 1734 526 1806 peractiaa,
538 1741 624 1790 contra
634 1732 849 1788 consuetudinem
860 1732 886 1788 in

97 1807 200 1866 ltaliam
208 1827 290 1882 quam
300 1809 425 1864 maximis
438 1810 576 1864 itineribus
586 1817 624 1864 est
633 1806 771 1880 profectus,
788 1816 818 1864 ut
827 1823 888 1862 mu·

96 1883 350 1956 nioipiaetoelcnias
360 1883 509 1956 adpellaret,
520 1884 619 1956 quibus
629 1885 665 1938 ll.
677 1881 794 1946 Antonii,
808 1899 889 1954 quae-

95 1959 174 2016 eteris
183 1959 236 2026 sni,
245 1958 439 2014 commendaret
449 1959 583 2014 sacerdotii
597 1959 756 2030 petitionem.
776 1957 889 2014 Conten-

94 2034 175 2092 debat
187 2033 263 2089 onim
277 2033 360 2108 gretia
374 2051 459 2104 quum
473 2033 583 2088 libenter
596 2051 643 2106 pro
653 2033 818 2088 bominesibi
827 2051 889 2089 con-

94 2107 271 2170 iunctistimc.
290 2125 369 2180 quem
384 2100 474 2180 paullo
487 2117 547 2164 ante
559 2110 726 2181 praemiserat
738 2108 772 2164 ad
788 2109 889 2181 petitio-

94 2201 168 2250 nem,
183 2191 242 2238 tum
252 2183 342 2238 aeriter
351 2191 439 2238 contra
451 2183 587 2239 lectionem
601 2192 626 2238 et
639 2183 779 2256 potentiam
793 2199 890 2256 pauco·

94 2277 167 2321 rum.
184 2257 233 2330 qui
245 2258 282 2312 lt.
293 2257 399 2313 latomi
415 2257 518 2329 repulsa
534 2257 651 2314 Caesaris
664 2257 810 2314 decedentis
826 2273 890 2312 oon-

93 2334 192 2392 vellere
209 2331 321 2406 gratiam
337 2333 486 2402 cupiebant.
511 2329 586 2387 liano
603 2335 651 2387 etsi
669 2348 796 2406 augurem
814 2332 889 2404 prius

93 2408 204 2473 factum,
225 2423 308 2478 quam
324 2406 424 2462 ltaliam
434 2407 585 2482 adtingeret,
606 2408 634 2461 in
650 2407 741 2462 itinere
759 2404 887 2460 audierat:

93 2492 249 2557 tamarem
259 2480 349 2536 minus
359 2481 456 2537 iustam
466 2483 518 2536 sibi
526 2497 646 2536 caussam
659 2479 804 2550 municipia
812 2487 889 2534 otoo·

94 2557 181 2616 lonias
190 2555 305 2612 adeundi
317 2555 485 2622 existimavit,
505 2563 535 2612 ut
549 2557 581 2610 iis
596 2555 692 2629 gratias
707 2561 801 2628 ageret,
818 2554 905 2626 quod·

94 2630 272 2708 frequentiam
290 2636 368 2704 atque
384 2630 500 2688 officium
519 2647 599 2688 suum
618 2628 730 2685 Antonio
746 2629 890 2701 praestitis-
