2064 2996
170 151 185 199 8
372 154 423 199 DE
444 155 569 200 BELLO
594 154 761 201 GALLIco

169 271 225 307 rem
235 253 343 306 mittimt
351 260 472 327 rogatum
486 253 631 309 auxilium:
651 258 691 309 tto
699 272 727 309 ae
735 258 806 308 omni
814 263 926 324 tempore
934 262 967 310 da

166 331 263 396 populo
271 329 386 382 Romano
394 333 498 383 meritos
506 346 568 392 esse,
579 338 696 396 utpaene
705 333 734 382 in
742 338 877 397 conspectu
886 347 967 384 ener-

170 407 237 456 oitue
241 407 331 456 nostri
338 409 399 472 oyru'
408 409 517 468 meari,
535 407 610 457 liberi
622 419 710 457 eorum
724 408 753 457 in
762 409 909 457 seruitutem
918 408 968 458 ob-

169 481 239 539 duci,
254 481 350 544 oppida
358 483 507 546 enpnwt
514 480 718 532 mdebuara'nt.
736 476 837 532 Eodem
850 485 968 549 tempore

169 551 301 615 Ambarri,
318 551 456 606 neoemmii
464 559 491 606 et
498 551 687 624 consanguinei
696 551 858 617 Aeduorum,
870 551 967 607 Caesa-

137 643 139 648 ·
169 643 226 680 rom
234 625 369 680 certiorem
378 625 486 691 facium,
504 643 570 690 sese,
586 625 750 698 depopulatis
763 627 844 699 agris,
860 643 914 682 non
926 627 968 681 la·

169 699 561 771 oileaboppidisvimhostium
570 701 720 772 probibere:
735 700 965 774 itemilllobroges,

169 775 219 845 qui
231 782 303 829 bans
317 774 474 830 Rhodanum
494 778 565 830 vinos
578 776 808 846 possessionesque
821 775 964 841 habebant,

169 848 233 922 luga
241 866 271 904 se
279 847 454 904 adCaesarern
463 850 595 922 reeipiunt
601 859 626 904 et
635 849 823 913 demonstrant,
833 850 884 905 sibi
890 867 968 922 prae-

168 931 209 978 ter
220 924 277 996 agri
290 921 377 979 solum
391 923 458 978 nihil
472 942 529 979 esse
543 924 648 996 reliqui.
669 925 772 991 Quibus
790 925 868 979 rebus
881 925 968 982 addu-

169 1006 228 1053 otus
242 997 344 1062 caesar,
356 1015 409 1053 non
419 998 623 1070 exspeotandum
633 999 685 1053 sibi
699 1001 799 1063 statuit,
815 998 891 1064 dnm,
908 1017 968 1054 om-

168 1072 251 1127 nibus
259 1071 372 1127 fortunis
380 1073 511 1128 sociorum
519 1075 673 1140 consumtis,
686 1073 714 1129 in
722 1074 850 1129 Santonos
855 1073 968 1130 Helvetii

203 1147 344 1202 raenirent.

168 1163 203 1219 pe
224 1223 285 1276 ΧΠ.
306 1223 326 1276 F
328 1221 418 1277 lumen
429 1229 469 1277 est
476 1224 552 1288 Arar,
563 1223 637 1296 quod
646 1241 693 1295 per
704 1223 769 1278 lines
779 1223 932 1278 Aeduorum
942 1235 968 1280 et

169 1296 352 1369 Sequanorum
366 1297 394 1352 in
405 1297 562 1353 Rhodanum
580 1297 667 1353 inlluit
684 1297 830 1353 incredibili
850 1298 965 1364 lenitate,

169 1372 205 1426 ita
214 1379 244 1426 ut
252 1371 344 1436 oculis,
356 1373 385 1426 in
395 1379 482 1427 utram
491 1382 591 1443 partem
600 1373 672 1437 fluat,
688 1373 797 1428 iudicari
808 1390 859 1428 non
871 1375 966 1444 possit.

169 1446 200 1502 ld
212 1447 322 1503 Helvetii
334 1447 434 1502 ratibus
444 1463 476 1502 ao
488 1447 610 1504 lintribus
623 1450 719 1504 iunctis
731 1448 891 1502 transibant..
916 1449 967 1503 Ubi

168 1539 217 1594 per
229 1522 404 1595 exploratores
417 1523 511 1579 Caesar
523 1525 617 1579 oertior
631 1523 714 1578 lactus
728 1531 776 1586 est,
792 1523 910 1578 tresiem
922 1541 967 1578 οο-

168 1597 275 1670 piarum
289 1606 374 1670 partes
383 1597 513 1653 Heluetios
526 1598 554 1653 id
565 1597 664 1652 flumen
677 1596 865 1656 transduxisse.
883 1615 969 1686 puar-

168 1681 225 1728 tam
234 1691 296 1729 vero
307 1681 407 1744 partem
417 1675 479 1727 citra
490 1671 588 1726 flumen
598 1671 702 1724 Ararim
711 1669 839 1739 reliquam
850 1688 921 1727 esse:
933 1673 969 1728 de

169 1748 244 1802 tertia
256 1747 418 1820 vigiliacum
429 1745 577 1819 legionibus
592 1744 677 1798 tribus
689 1761 704 1797 e
718 1754 809 1798 eastris
824 1745 964 1814 proiectus,

169 1820 270 1876 adeam
279 1828 380 1891 partem
389 1820 516 1889 pervenit,
536 1836 604 1890 quae
619 1818 737 1872 nondum
746 1817 845 1874 flumen
856 1823 968 1878 transie-

169 1903 218 1949 rat.
238 1895 292 1948 Eos
304 1893 443 1964 impeditos
454 1901 480 1947 et
492 1893 657 1964 inopinantes
668 1892 817 1966 adgressus,
839 1912 967 1968 magnam

169 1984 261 2025 eorum
277 1976 378 2038 partem
395 1967 519 2022 concidit:
540 1966 636 2038 reliqui
648 1965 726 2040 fugae
737 1986 795 2023 sese
806 1969 968 2026 mandarunt

168 2050 248 2113 atque
257 2042 285 2096 in
295 2042 429 2112 proximas
438 2040 519 2097 silvas
529 2041 695 2097 abdiderunt.
715 2044 741 2098 Is
753 2061 838 2116 pegus
850 2044 968 2116 adpella-

167 2115 246 2171 batnr
264 2116 422 2190 Tigurinus:
443 2134 504 2172 nam
516 2117 604 2172 omnis
615 2117 707 2174 civitas
726 2117 841 2173 Helvetia
858 2119 886 2174 in
899 2139 969 2192 qna-

168 2200 230 2247 tuor
241 2208 324 2264 pagos
337 2189 424 2246 divisa
440 2199 489 2247 est.
513 2192 563 2247 Hie
578 2209 664 2266 pagus
682 2211 763 2257 unus,
782 2211 869 2265 quum
886 2194 968 2250 domo

169 2267 275 2330 exisset.
290 2273 396 2338 patrum
405 2275 555 2322 nostrorum
564 2268 690 2323 memoria
700 2267 858 2323 L.Cassium
869 2285 968 2324 oonsu-

170 2341 223 2398 lem
242 2340 402 2398 interleoerat
413 2343 507 2398 eteius
518 2343 662 2398 exereitum
675 2343 727 2398 sub
740 2344 835 2416 iugum
848 2343 966 2400 miserat.
1024 2351 1025 2354 ’

169 2419 218 2483 Ita,
229 2419 287 2475 sive
295 2435 368 2484 oasu,
382 2417 439 2473 sive
447 2418 556 2474 oonsilio
565 2418 675 2474 deorum
687 2415 886 2484 immortalium,
898 2436 968 2492 quae
1024 2451 1025 2480 y

169 2511 233 2566 pars
245 2493 359 2550 civitatis
377 2492 509 2550 Helvetiae
526 2493 659 2568 insignem
677 2492 850 2548 calamitatem
868 2493 969 2565 populo
1002 2487 1025 2546 '3

170 2571 290 2626 Romano
298 2568 429 2636 intulerat,
441 2588 472 2626 ea
481 2570 601 2642 princepe
610 2587 707 2643 poenas
716 2566 851 2640 persolvit.
871 2566 930 2634 Qua
939 2570 968 2625 in
1024 2565 1025 2584 ¹

171 2663 200 2700 re
210 2647 305 2704 Caesar
313 2663 367 2702 non
377 2647 464 2703 solum
476 2644 606 2720 publicas,
620 2645 758 2702 sedetiam
770 2643 886 2715 privatas
895 2643 969 2698 iniu-
