2072 2998
309 165 377 234 utu.
390 165 412 211 1.
442 166 520 212 cae.
534 167 577 212 oo.
590 167 629 213 51.
812 165 862 219 265

63 266 147 322 dabat
155 264 241 337 copia.
261 263 376 320 Multum
385 273 440 321 crat
448 265 609 322 frumentum
620 267 755 338 provisum
765 277 790 324 et
800 287 864 325 oon·

64 349 174 398 vectum
183 339 364 412 superioribus
372 341 548 413 temporibus:
559 341 673 396 multum
683 344 793 397 exomni
802 359 863 414 pro-

63 417 155 472 vincia
166 414 391 486 comportabatur:
411 433 507 489 magna
516 417 589 488 copia
598 415 689 488 pabuli
699 418 861 489 suppetebat.

62 492 171 546 Harum
178 505 268 544 rerum
277 489 399 544 omnium
408 488 604 546 fucultatessine
612 489 786 564 ullcperieulo
796 509 863 564 pons

60 565 167 620 ilerdae
176 563 317 636 praebebat
327 572 352 619 et
362 563 416 620 loca
426 571 500 632 bans
506 563 605 621 flumen
614 566 724 641 integra,
743 583 862 640 quoom·

62 637 498 712 niuoCaesaradirenonpcterat.
734 641 739 656 '

120 716 154 769 L.
177 715 597 786 Huepermeuseruntaquaedies
606 703 763 788 complures.
778 715 863 772 Cona—
968 757 972 766 .

61 798 109 844 tus
118 796 161 844 est
171 787 266 844 Caesar
280 787 384 843 reficere
397 795 503 859 pontes:
523 789 570 844 sed
583 805 631 844 uec
643 790 798 864 magnitudo
812 789 863 846 ilu-

62 864 149 918 minis
162 861 339 936 permittebut,
355 879 441 935 neque
452 863 486 918 ad
499 863 583 935 ripam
592 865 734 936 dispositae
745 865 862 921 cohortos

62 937 280 994 adversariorum
289 937 379 1008 perlici
387 937 567 1008 patiebantur:
582 939 716 1011 quodillis
725 940 863 1012 probibere

62 1011 216 1077 eratlaoile,
237 1019 294 1066 tum
305 1011 389 1084 ipsius
398 1010 517 1067 fluminis
526 1020 618 1069 natura
628 1021 706 1086 atque
715 1031 798 1088 aquae
806 1033 864 1070 ma-

61 1087 221 1162 gnitudine‚
242 1093 300 1142 tum
321 1086 394 1159 quod
411 1103 445 1142 ex
463 1087 523 1142 totis
542 1088 607 1161 ripis
627 1089 656 1144 in
678 1107 763 1146 unum
785 1099 864 1164 atque

63 1183 97 1218 an
140 1169 213 1216 stum
229 1159 317 1216 locum
330 1160 381 1216 tela
394 1161 567 1231 iaciebantur3
588 1170 666 1236 atque
679 1173 733 1219 erat
746 1164 860 1228 difficile,

63 1180 159 1368 stilddm
171 1244 288 1308 tempore
303 1235 471 1308 rapidissimo
483 1235 594 1293 flumine
604 1253 682 1310 opera
699 1239 822 1311 perlicere
838 1247 863 1294 et

62 1320 90 1368 te
101 1312 219 1368 avitare.

121 1388 167 1442 LI.
187 1385 335 1442 Nunoiatur
342 1384 459 1450 Afranio,
471 1401 582 1460 magnos
594 1387 739 1453 comitatus,
756 1389 803 1459 qui
814 1389 863 1443 iter

64 1460 241 1518 habebantad
250 1459 396 1526 Caesarem,
408 1460 442 1516 ed
451 1456 550 1516 flumen
560 1461 715 1516 constitisse.
735 1462 864 1516 venerant

65 1555 97 1594 eo
106 1536 236 1610 sagittarii
245 1551 279 1591 ex
293 1536 411 1600 Rutenis,
432 1535 535 1607 equites
550 1551 584 1590 ex
597 1533 682 1590 Gallia
697 1551 758 1589 oum
773 1535 864 1590 multis

66 1612 151 1668 carris
161 1610 318 1684 magnisque
330 1609 537 1683 impedimentis,
548 1617 578 1664 ut
586 1607 635 1664 fert
644 1609 744 1666 Gallica
756 1625 865 1664 consue-

67 1686 143 1742 tudo.
155 1685 237 1740 Erant
245 1692 376 1758 praeterea
385 1685 515 1757 cuiusque
522 1685 626 1760 generis
633 1684 773 1740 bominum
781 1683 865 1740 millia

69 1760 173 1816 circiter
190 1777 237 1815 sex
254 1777 315 1815 cum
333 1759 416 1816 servis
436 1758 593 1832 liberisque:
614 1759 661 1814 sed
681 1757 772 1816 nullus
790 1759 863 1824 ordo,

69 1834 178 1904 nullum
190 1833 331 1907 imperium
342 1841 455 1916 certum,
471 1851 556 1907 quum
567 1851 616 1890 suo
629 1834 744 1907 quisque
758 1833 866 1889 consilio

69 1916 188 1967 uteretur
204 1916 282 1983 etque
300 1927 392 1966 omnes
410 1908 470 1964 siue
489 1909 582 1964 timore
601 1910 651 1965 iter
667 1908 792 1974 facerent,
814 1927 866 1964 usu

70 1985 236 2058 superiorum
248 1993 398 2056 temporum
405 1991 494 2072 ‚atque
513 1983 636 2040 itinerum
655 1983 765 2040 licentia.
785 1985 867 2040 Erant

70 2060 219 2132 complures
228 2060 331 2116 honesti
340 2057 523 2125 adolescentes,
539 2066 688 2116 senatcmm
699 2059 747 2115 filii
762 2069 787 2115 et
796 2060 867 2116 crdi-

72 2137 115 2190 nis
128 2135 270 2206 equestris3
291 2141 365 2190 erant
377 2134 519 2208 legationes
533 2135 682 2205 civitatum
703 2143 776 2191 crant
789 2135 867 2210 legati

74 2209 199 2264 Caesaris.
231 2209 284 2262 Hos
302 2226 395 2264 omnes
413 2207 523 2265 flumina
544 2211 720 2266 continebant.
759 2211 801 2265 Ad
818 2211 867 2264 hos

75 2281 259 2354 opprimendos
270 2299 332 2337 cum
344 2283 418 2338 omni
436 2285 555 2356 equitatu
568 2286 707 2357 tribusque
719 2283 867 2358 legionibus

76 2355 199 2413 Afranius
218 2355 251 2410 de
269 2367 342 2412 nocte
359 2357 533 2429 pmficisoitur
555 2359 787 2431 imprudentesque
809 2367 869 2412 ante

76 2430 164 2489 missis
173 2429 309 2502 equitibus
317 2432 477 2505 adgreditur.
498 2433 620 2490 Celeriter
629 2441 716 2487 tarum
729 2449 786 2486 sese
799 2431 868 2486 Galli

77 2507 175 2582 equites
191 2503 336 2576 expediunt
348 2506 530 2579 proeliumque
545 2508 721 2562 committunt.
745 2507 786 2570 Hi,
803 2505 869 2561 dum

3 2649 4 2654 ἵ
77 2584 130 2658 pari
139 2580 283 2639 certamina
293 2597 334 2632 res
343 2580 397 2652 geri
407 2583 499 2652 potuit,
512 2599 641 2654 magnum
649 2580 766 2662 hostiqm
776 2599 870 2636 nume-

3 2665 4 2670 ’
79 2677 135 2718 rum
144 2655 223 2732 pauci
233 2654 396 2710 sustinuere:
416 2655 471 2720 sed,
487 2657 534 2712 ubi
546 2659 623 2730 signa
632 2655 767 2729 legionum
777 2657 870 2728 adpro-
891 2701 894 2706 .
