2072 2998
302 168 373 214 LIB.
387 167 453 216 vm.
483 168 615 216 cnm-22.
629 169 671 217 23.
835 169 883 222 ΞΠ

83 274 192 334 totlitur,
209 277 276 324 errat
288 273 437 337 intersertae
441 288 452 337 ,·
471 285 612 337 numquam
621 274 814 326 enimeniotom
826 283 886 328 tan-
977 276 987 285 ”

82 355 136 402 ium
153 347 312 406 incivitate,
334 344 455 410 illooioo,
480 351 606 411 meantum
618 347 764 413 imperitam
777 349 884 414 plebem,
940 375 943 380 ¹

126 435 206 473 uerae.

78 427 125 488 W
137 491 228 548 XXll.
249 490 319 544 liaeo
326 488 463 546 orantibus
473 487 574 564 legatie,
582 500 768 548 eommomorat
778 491 882 561 Caesar,

80 571 169 622 eodem
193 577 306 632 tempore
320 568 455 632 inponere
475 581 545 620 anno
565 566 717 621 Briloooooe
739 577 885 638 ceteraeque

82 641 190 698 Galliae
205 641 324 694 oioitntet
339 643 481 706 momine
494 641 601 708 bellom;
617 645 825 708 pertinacissime
840 647 885 698 leoe

80 734 116 772 en
129 717 250 770 omnibue
263 713 292 767 in
303 717 431 768 sententio
439 718 621 781 perornetur,
641 720 770 785 nequead
783 723 885 772 sanita-

81 800 133 846 tem
150 792 315 858 reliquorum
331 790 460 846 deditione
478 805 531 843 erre
546 792 699 856 verdunen:
722 796 790 846 seire
808 801 885 861 atque

80 867 231 933 intelieyere
244 879 285 925 re,
305 877 425 916 tauream
440 867 544 929 peceati
556 865 681 931 facillime
692 871 802 921 mortuis
816 870 885 920 dela-

79 943 158 1008 φανὴ
177 940 305 992 neminem
314 952 376 992 vero
385 944 486 996 mnium
495 940 603 1004 pollere,
623 946 661 1002 ot,
680 943 771 995 invitia
782 945 885 1009 prinoi-

76 1017 167 1083 pibuo,
187 1016 322 1067 resistente
335 1019 435 1074 renutu,
455 1013 572 1066 omnibiu
586 1015 659 1066 bonie
670 1018 882 1084 repugnantibus,

25 1123 29 1132 -
79 1091 190 1156 infirmo
204 1103 284 1140 omno
296 1087 378 1153 plebio
393 1087 486 1140 bellom
497 1091 631 1142 tonnitore
648 1095 673 1141 et
684 1103 773 1157 uetere
782 1099 884 1158 poeeet:

80 1166 127 1218 aed
143 1170 230 1216 tomen
242 1177 270 1215 ee
285 1167 430 1216 contentum
446 1165 503 1230 [ore
520 1177 553 1216 eo
569 1177 662 1230 poeno,
683 1179 762 1231 quam
774 1167 825 1219 etti
834 1168 885 1233 ipsi

39 1255 45 1262 ·
82 1239 289 1292 oontroaee'reent.

137 1309 240 1366 XXlII.
261 1311 341 1364 Nocte
362 1308 513 1382 insequenti
532 1307 611 1382 legati
630 1325 756 1384 responsa
774 1311 808 1368 ad
820 1329 884 1367 euos

81 1384 211 1450 referunt,
232 1382 338 1439 obsideo
356 1383 507 1446 ooniioiunt.
536 1383 702 1440 Concurrunt
721 1385 882 1456 reliquarum

81 1461 224 1517 civitatum
245 1457 337 1530 legati,
371 1474 441 1530 quae
462 1456 660 1534 bellovaoorum
681 1458 885 1531 speculabantur

81 1541 220 1592 eventum.
240 1531 352 1588 Obsides
361 1532 435 1598 dant,
443 1531 569 1604 imperata
577 1530 685 1598 ieoiuut,
696 1534 886 1604 exeeptoCom-

82 1609 151 1673 mio,
173 1623 255 1679 quem
273 1617 352 1664 umor
364 1606 530 1679 prohibebat,
549 1606 708 1679 eiriuequam
727 1605 789 1661 fidei
809 1625 886 1662 suam

82 1683 250 1750 oommittere
258 1681 379 1738 salutem.
399 1683 468 1738 Nam
478 1680 613 1753 superiore
621 1697 692 1738 anno
704 1681 735 1738 T.
741 1679 883 1747 Labienus,

84 1757 200 1814 Caesare
209 1757 237 1812 in
247 1756 333 1813 Gallia
342 1752 460 1814 citeriore
468 1756 512 1811 ius
521 1755 633 1822 dimoto,
639 1771 726 1828 quum
734 1755 886 1812 Commium

84 1832 257 1902 oomperieeet
265 1831 405 1888 sollicitere
412 1831 530 1887 civitatee
543 1838 569 1887 ot
580 1831 787 1888 ooniurationem
797 1838 886 1886 eontra

84 1905 328 1971 Caesaremiaooro‚
350 1905 532 1962 infidelitatem
551 1906 609 1962 eius
628 1906 687 1963 sine
704 1905 759 1961 ulla
777 1905 887 1978 perfidia

84 1981 216 2038 iudicavit
224 1981 364 2052 eomprimi
373 1995 461 2052 poseo.
481 1977 566 2047 Quem
575 1981 639 2054 quia
650 1998 704 2038 nou
713 1980 887 2037 arbitrabatur

84 2063 211 2114 voratum
230 2055 257 2111 in
276 2062 361 2112 caetra
378 2063 531 2120 uenturum,
553 2057 728 2116 retentando
746 2057 888 2112 enutiorem

84 2132 191 2198 feneret,
212 2131 244 2187 C.
254 2130 419 2186 Volusenum
427 2128 591 2197 Quadratum
602 2131 685 2198 misit,
706 2133 754 2205 qui
766 2149 829 2188 eum
841 2147 888 2203 per

85 2205 286 2264 simulationem
296 2203 421 2277 colloquii
429 2212 532 2260 curaret
544 2205 765 2264 interficiendum.
778 2206 820 2261 Ad
829 2221 888 2260 eam

85 2301 144 2340 rem
166 2280 281 2338 delectos
301 2279 408 2336 idoneos
426 2279 450 2334 ei
466 2278 731 2338 uaditoentmionee.
759 2279 888 2345 Quumin

85 2357 254 2429 oolloquium
272 2362 383 2410 ventum
405 2361 525 2419 neseiat,
545 2362 577 2409 ut
593 2359 757 2415 annumerat,
778 2369 889 2406 manum

86 2431 207 2493 Commii
215 2427 367 2488 Voluuenue
376 2427 547 2501 adripuiseet;
567 2427 694 2489 uenturio.
705 2424 748 2480 vel
761 2432 791 2480 ut
800 2426 891 2480 insue-

86 2517 113 2566 ta
128 2525 158 2564 re
171 2502 378 2579 permotum-rel
392 2501 509 2558 celeriter
522 2519 537 2556 a
551 2499 727 2558 familiaribus
741 2498 891 2569 prohibitus

87 2579 217 2645 Commii,
229 2577 357 2634 ooniioere
365 2577 561 2634 hominemnou
571 2575 668 2648 potuit:
681 2573 796 2647 graviter
804 2581 892 2630 tamen

88 2660 180 2733 primo
190 2657 246 2712 iotu
254 2650 343 2727 gladio
352 2659 431 2725 caput
439 2652 578 2725 percussit.
594 2651 684 2719 Quum
693 2648 828 2722 utrimque
836 2647 893 2723 gla-
