2064 2996
143 147 174 198 lfi
342 150 391 196 DE
414 149 537 196 BELLO
561 141 730 198 GALLICO

141 260 200 306 tuor
208 257 400 314 veteranarum,
407 249 451 313 ita,
462 249 502 302 uti
513 264 592 320 supra
603 260 634 303 se*
644 250 671 304 in
682 266 788 304 summo
798 249 861 323 iugo
870 251 946 308 diras

142 325 267 398 legiones,
291 341 359 396 ques
373 324 401 378 in
410 322 495 378 Gallia
508 324 625 379 citeriore
638 325 758 396 proxime
775 325 946 397 conscripse-

141 407 189 464 rat,
197 405 222 454 et
230 399 318 454 omnia
327 397 426 454 auxilia
435 396 584 453 collocaret:
598 416 628 452 ac
637 407 720 453 toturn
731 399 945 456 montemhomi-

141 473 223 529 nibus
236 472 361 545 compleri
375 481 400 527 et
409 472 506 528 interea
516 473 631 528 sarcinas
642 474 669 528 in
683 491 767 528 unum
778 473 865 528 locum
875 492 945 530 con·

140 547 202 604 ferri
212 556 308 604 etcum
324 547 423 612 abhis,
438 547 485 619 qui
499 547 525 602 iu
542 549 675 620 superiore
692 548 747 602 acie
758 548 940 618 constiterant,

141 624 241 679 muniri
252 623 338 677 iussit.
350 621 469 687 Helvetii,
482 639 543 677 cunr
552 623 678 678 omnibus
687 623 743 678 suis
753 622 834 678 carris
843 626 939 693 secuti,

141 696 330 770 impedimenta
338 697 367 751 in
376 713 462 752 unum
472 695 558 754 locum
567 696 744 754 contulerunt:
765 697 827 770 ipsi,
838 697 944 756 conier-

141 773 245 827 tissime
256 771 310 827 acie
319 771 412 826 reiecto
422 779 510 827 nostro
521 772 648 844 equitatu,
660 771 792 847 phalange
800 771 874 840 laete,
886 775 942 831 sub

142 847 256 920 primam
266 853 382 901 nostram
392 846 474 902 eciem
484 854 674 902 successerunt.
970 855 972 860 “

196 921 284 976 XXV.
305 919 412 986 Caesar,
432 921 550 994 primum
569 939 631 987 suo,
652 919 747 977 deinde
765 921 887 976 onmium
906 937 941 978 ex

143 1003 283 1068 conspectu
294 995 400 1051 remotis
412 995 499 1068 equis,
519 1003 550 1051 ut
561 1003 672 1068 aequato
683 995 803 1051 omnium
822 995 941 1068 periculo

143 1087 219 1142 spem
228 1068 306 1142 iugne
315 1068 422 1134 tolleret,
439 1069 586 1126 cohortatus
596 1088 668 1135 suos,
685 1068 814 1141 proelium
828 1071 941 1126 commi-

143 1146 188 1200 sit.
206 1143 311 1209 Milites,
324 1143 404 1199 eloco
413 1144 546 1216 superiore
553 1144 616 1216 pilis
626 1145 726 1210 missis,
738 1143 813 1200 lacile
822 1144 940 1200 hostium

143 1217 301 1292 phalangem
311 1218 500 1292 perfregerunt.
523 1221 561 1274 Ee
571 1219 687 1284 disiecta,
704 1218 800 1292 gladiis
810 1219 940 1275 destrictis

143 1296 173 1350 in
183 1309 227 1349 eos
237 1295 365 1366 impetum
375 1292 500 1349 lecerunt.
515 1293 598 1349 Gallis
608 1311 705 1368 magno
714 1292 747 1349 ad
756 1310 876 1368 pugnarn
887 1303 942 1350 eret

144 1367 341 1441 impedimento,
353 1369 435 1440 quod,
446 1368 569 1441 pluribus
578 1385 668 1425 eorum
679 1368 760 1424 scutis
770 1385 824 1424 uno
835 1369 886 1424 ictu
900 1369 942 1441 pi·

144 1444 231 1500 lorum
241 1443 376 1499 transfixis
389 1451 414 1499 et
422 1443 558 1519 colligatis,
577 1461 663 1518 quum
676 1443 774 1499 serrum
785 1461 814 1498 sc
823 1441 942 1500 inflexis-

144 1526 192 1585 set,
205 1536 293 1592 neque
301 1518 420 1585 evellere,
432 1536 528 1593 neque,
537 1521 643 1575 sinistra
654 1519 788 1590 impedite,
796 1518 860 1573 satis
869 1535 943 1575 eoin-
1026 1579 1027 1582 ,

145 1593 222 1651 mode
235 1611 354 1669 pugnare
367 1603 498 1667 poterant;
519 1594 596 1650 multi
616 1602 647 1649 ut
664 1594 711 1649 diu
729 1593 821 1649 iactato
834 1593 944 1650 brachio
1026 1589 1027 1604 l

143 1677 325 1742 praeoptarent
343 1677 447 1725 scutum
468 1686 550 1724 manu
567 1669 684 1723 emittere
702 1675 727 1723 et
745 1667 817 1723 nudo
835 1683 943 1740 corpore

144 1761 273 1819 pugnero.
289 1743 406 1799 Tandem
416 1742 572 1800 vulneribus
581 1742 686 1807 defessi,
698 1750 723 1797 et
731 1740 825 1814 pedem
836 1742 941 1810 referre,

144 1827 178 1885 et,
193 1817 266 1892 quod
275 1835 352 1873 mons
362 1818 468 1873 suberat
477 1817 578 1872 circitu
588 1816 660 1872 mille
668 1833 806 1888 passuum,
822 1833 852 1872 eo
863 1835 944 1874 sere-

144 1893 230 1964 oipcre
239 1900 388 1963 coeperunt.
403 1892 484 1963 Capto
493 1899 581 1947 monte
590 1890 824 1946 etsuecedentibus
834 1893 941 1959 nostris,

144 1967 200 2022 Boii
209 1975 235 2022 et
245 1965 362 2039 Tulingi,
377 1966 425 2038 qui
439 1966 577 2021 hominum
590 1965 711 2020 millibus
721 1965 823 2020 circiter
832 1966 883 2024 XV
897 1985 945 2041 ag·

146 2059 207 2096 men
220 2039 335 2096 hostium
349 2039 505 2110 cleudelnent
513 2048 539 2095 et
547 2041 700 2096 novissimis
713 2041 844 2114 praesidio
858 2051 942 2108 erent,

145 2133 179 2171 ex
189 2115 282 2171 itinere
291 2121 394 2184 nostros
404 2114 483 2170 latere
491 2123 580 2187 aperto
589 2115 716 2190 adgressi,
731 2115 943 2172 circumvenere:

146 2200 171 2246 et
180 2190 208 2246 id
217 2189 359 2263 conspicati
364 2189 483 2255 Helvetii,
494 2190 542 2262 qui
553 2191 580 2245 io
591 2197 707 2246 montem
717 2207 774 2245 sese
783 2199 942 2262 receperant.

41 2275 49 2285 “
147 2284 240 2323 rursus
250 2265 356 2329 instare,
368 2273 393 2320 et
402 2264 533 2338 proelium
543 2265 718 2338 redintegrare
728 2273 878 2337 coeperunt.
892 2265 944 2320 Ro-

146 2342 219 2398 mani
229 2359 354 2398 conversa
363 2340 440 2416 signa
449 2339 739 2412 bipartitointulerunt:
759 2340 888 2412 primane
902 2357 947 2395 se-

146 2418 233 2474 cunda
243 2417 321 2484 ecies,
336 2425 367 2472 ut
376 2413 453 2471 victis
462 2431 493 2471 ee
501 2415 633 2472 submotis
641 2414 785 2484 resisteret3
809 2414 897 2486 tertia,
915 2422 947 2469 ut

149 2493 282 2549 venientes
294 2493 433 2566 exciperet.

203 2569 302 2626 XXVI.
322 2569 359 2624 Ita
373 2566 479 2642 ancipiti
489 2563 588 2639 proelio
597 2565 644 2621 diu
654 2571 733 2636 atque
741 2561 833 2618 enitar
841 2577 948 2634 pugna-

150 2654 205 2700 tum
219 2651 268 2700 est.
290 2643 394 2700 Diutius
412 2659 499 2718 quum
515 2648 665 2698 nostrorum
683 2638 799 2711 impetus
816 2635 948 2692 sustinere
