2072 2998
278 147 347 194 nra.
362 145 429 195 vm.
458 126 639 196 cineam.
804 143 855 198 233

56 247 192 312 iudicabat
201 247 283 312 enim,
292 246 382 302 liberis
392 247 527 304 sententiis
537 254 641 319 patrum
650 249 856 319 oonsariptorum

56 339 180 378 caussam
189 338 268 376 suam
277 319 352 376 facila
365 323 487 378 obtineri.
506 323 574 378 Nam
588 322 615 378 C.
626 321 714 386 Curio,
731 323 856 379 tribunus

55 398 152 470 plebis,
174 412 261 468 quum
274 395 392 452 Caesaris
405 403 529 452 caussam*
541 396 748 470 dignitatemque
767 397 857 452 dalen-

56 472 173 530 dendam
192 471 359 542 suscepisset,
381 489 458 543 saepe
476 479 530 528 erat
547 471 649 528 senatui
666 471 807 543 pollicitus,
832 473 876 526 si·

56 564 138 620 quem
153 546 233 604 timor
246 562 380 601 armorum
398 546 516 604 Caesaris
533 547 653 611 laederet,
674 553 708 613 et,
728 547 855 617 quoniam

56 621 176 694 Pompeii
187 620 330 682 dominatio
340 629 418 691 atqua
430 639 565 678 armenon
577 622 720 676 minimum
732 630 855 676 terrorem

57 696 112 752 foro
122 694 258 760 inferrent,
270 695 412 750 diseederet
421 705 531 768 uterque
540 697 573 750 ab
583 697 663 752 armis
674 697 856 768 exercitusque

56 771 209 835 dimitteret,
225 768 280 824 fore
292 787 322 824 eo
332 769 399 824 facto
413 769 522 826 liberam
537 779 561 827 et
574 772 617 826 sui
632 771 698 826 iuris
712 772 853 827 civitatem.
896 831 900 844 ,

57 848 151 918 Neque
163 845 213 898 hoo
222 852 324 898 tantum
338 845 469 916 pollicitus
483 854 535 913 est;
555 846 688 901 sedetiam
698 864 744 918 per
758 865 786 903 sa
800 845 855 900 dis-

57 918 401 991 oessionemlaoeraooepit:
422 919 546 993 (quodne
559 921 640 986 lieret,
659 921 779 978 eonsules
789 922 856 976 anai-

56 997 134 1068 alque
144 994 262 1066 Pompeii
271 994 425 1068 iusserunt.)
435 1003 514 1068 atque
524 997 559 1051 ita
568 1013 623 1051 rem
633 997 790 1052 moderando
800 997 855 1052 dis-

55 1076 202 1126 oesserunt.
234 1113 237 1130 ,

110 1145 180 1200 Llll.
202 1144 329 1228 Magnum
347 1143 397 1202 hoo
414 1144 594 1200 testimonium
610 1155 716 1201 sanatus
726 1154 780 1200 erat
793 1145 855 1200 uni-

57 1221 125 1276 versi
147 1235 360 1290 conveniensque
378 1220 506 1290 superiori
526 1218 602 1274 lacto.
631 1221 699 1275 Nam
716 1220 855 1276 Marcellus

56 1295 180 1366 proximo
190 1310 268 1358 anno,
285 1309 370 1365 quum
385 1293 551 1368 impugnaret
561 1293 678 1348 Caesaris
689 1296 852 1368 dignitatem,

57 1378 145 1426 matra
156 1368 242 1442 legem
253 1369 368 1439 Pompeii
378 1377 403 1424 et
412 1369 499 1424 Crassi
509 1367 630 1424 retulerat
639 1378 698 1424 ante
707 1378 811 1440 tempus
822 1370 855 1424 ad

56 1453 178 1500 senatum
188 1442 343 1498 deCaesaris
353 1443 855 1514 provinciis,sententiisquedictiadis-

56 1520 203 1575 passionem
220 1516 328 1573 faciente
344 1517 474 1583 Marcello,
493 1519 540 1589 qui
555 1517 606 1572 sibi
619 1534 725 1571 omnem
740 1517 855 1591 dignita-

56 1603 109 1649 tem
119 1611 155 1649 ex
164 1593 282 1648 Caesaris
292 1592 392 1648 invidia
404 1593 554 1664 quaerebat,
570 1600 676 1646 senatus
689 1591 812 1663 frequens
825 1592 854 1648 in

56 1669 108 1724 alia
117 1667 326 1723 omniatransiit.
340 1668 444 1735 Quibus
453 1683 504 1722 non
515 1667 701 1740 frangebantur
711 1667 791 1720 animi
803 1667 854 1720 ini-

56 1744 191 1799 mieorum
200 1742 326 1808 Caesaris,
338 1743 384 1798 sed
394 1743 610 1808 admonebantur,
623 1759 677 1814 quo
686 1742 796 1796 maiores
807 1759 854 1812 pa-

55 1823 147 1873 rarent
157 1818 369 1882 neoessitudinas,
378 1819 478 1888 quibus
487 1819 544 1892 augi
552 1825 750 1890 possetseaatus
757 1817 785 1872 id
793 1833 854 1889 pro·

54 1893 128 1957 bare,
141 1892 212 1962 quod
222 1893 272 1963 ipsi
283 1892 484 1948 eonstituissant.

110 1968 178 2022 LIV.
198 1967 241 2021 Fit
258 1966 353 2022 deinde
372 1965 639 2032 senatusconsultum,
661 1974 691 2022 ut
706 1965 739 2021 ad
752 1965 857 2022 bellum

55 2042 207 2098 Parthicum
218 2040 286 2115 legio
295 2059 347 2096 una
359 2059 374 2096 a
384 2043 433 2098 Cn.
444 2043 575 2113 Pompeio,
590 2043 668 2096 altera
679 2060 693 2096 a
703 2042 733 2098 C.
744 2041 854 2098 Caesare

55 2117 235 2182 mitterentur:
257 2133 343 2188 neque
351 2117 461 2174 obscure
470 2117 519 2173 hae
528 2117 595 2172 duaa
607 2117 720 2192 legiones
730 2117 777 2172 uni
789 2117 853 2174 Cae-

54 2192 107 2247 sari
127 2191 311 2246 detrahuntur.
340 2193 407 2247 Nam
428 2193 477 2249 Cn.
493 2193 632 2264 Pompeius
651 2192 779 2266 legionem
798 2192 852 2262 pri·

16 2303 19 2309 -
54 2284 137 2332 naam,
154 2283 236 2338 quam
252 2265 285 2320 ad
299 2265 436 2322 Caesarem
450 2269 565 2333 miserat,
585 2267 725 2322 oonfectam
741 2285 774 2321 aar
787 2266 853 2320 dila-

53 2351 98 2397 ctu
108 2341 259 2413 provinciae
269 2340 396 2404 Caesaris,
417 2358 474 2396 eam
488 2350 623 2413 tamquam
637 2359 669 2396 ex
683 2359 732 2395 suo
742 2357 853 2395 numero

54 2417 137 2474 dedit.
155 2417 250 2473 Caesar
259 2422 448 2488 tamemquum
459 2415 492 2470 de
502 2416 633 2471 voluntate
643 2415 852 2469 adversariorum

53 2509 166 2556 suorum
181 2508 210 2546 se
221 2490 361 2561 exspoliari
375 2492 475 2547 nemini
489 2490 601 2545 dubium
616 2496 692 2552 esset,
714 2488 762 2544 Cn.
774 2488 852 2542 Pom-

52 2567 111 2640 pelo
122 2565 252 2638 legionem
260 2565 373 2629 remisit,
385 2575 410 2620 at
419 2583 468 2620 suo
479 2566 584 2620 nomine
593 2565 651 2632 XV,
664 2580 746 2633 quam
756 2561 851 2630 inGal-

53 2641 89 2697 lia
98 2640 217 2700 citeriore
225 2639 362 2707 habuerat,
376 2657 410 2696 en
419 2639 643 2696 senatusconsulto
655 2637 726 2692 iubet
739 2639 850 2693 transdr.
