2078 2996
289 131 401 208 mian
430 163 512 209 ear.
527 161 568 209 aa.
584 163 625 211 aa.
766 128 769 138 s
803 159 852 211 309

53 265 111 322 bus
122 261 227 336 proeliis
236 279 360 336 magnus.
380 265 470 334 ltaque
478 262 511 317 de
519 261 653 317 deditione.
661 279 752 318 omnes
765 262 851 334 palam

3 361 4 368 ¹
55 339 236 412 loquebantur
244 345 269 392 et
278 354 339 392 oum
350 339 377 391 P.
388 338 456 392 Attio
465 337 584 410 agebant.
602 357 635 392 ne
648 355 697 392 sua
713 337 852 408 pertinacia

2 409 6 443 Ρ
55 415 181 470 omnium
201 411 319 467 fortunas
333 413 478 483 perturbari
493 410 579 470 vallet.
610 413 677 466 Haec
691 429 776 483 quum
790 429 853 484 ago·
885 409 888 418 “

3 501 4 508 ³
55 497 159 552 rantur,
173 488 263 542 nuneii
272 487 409 558 praemissi
418 487 452 542 ab
462 503 522 560 rege
531 487 595 541 Iuba
605 495 742 551 venerunt,
756 486 803 558 qui
820 486 854 540 it-

2 562 4 591 *
55 565 190 619 lumeum
198 560 854 634 magnisoopiisadasaedioerantetdaoustodiaao

3 637 4 668 t
55 637 480 693 defensioneurbisbortarentur:
501 653 568 708 quae
583 653 722 690 noseorum
732 635 853 708 perterri-

4 735 5 738 ’
55 713 215 768 tosanimos
226 711 397 766 mnfirrnavit.
783 771 785 776 y

3 783 4 792 ’
117 786 254 840 XXXVII.
275 786 469 840 Nunciabantur
483 785 547 840 haee
562 785 651 840 eadam
669 785 786 850 Curioni,
807 784 854 838 sed

59 860 228 934 aliquamdiu
248 860 311 914 tides
330 861 385 915 fieri
404 878 456 916 non
478 868 588 932 poterat:
620 869 717 915 tanum
741 859 855 914 babebat

58 953 172 991 suarum
183 953 270 990 rerum
281 935 418 992 fiduciam:
440 937 545 1007 iamque
555 935 673 991 Caesaris
687 936 714 990 in
728 934 853 1006 Hispania

59 1029 103 1066 ras
114 1010 280 1065 sooundaein
294 1009 408 1064 Africam
422 1011 528 1065 nunciis
541 1027 571 1064 ae
586 1009 677 1064 litteris
688 1009 853 1081 perfereban-

59 1095 115 1140 tur.
136 1085 240 1152 Quibus
255 1085 380 1139 omnibus
394 1085 473 1140 rebus
486 1084 615 1149 sublatus,
636 1085 702 1140 nihil
722 1091 810 1140 eontra
825 1101 853 1138 se

60 1178 151 1234 regem
162 1161 283 1214 uisurum
293 1159 467 1214 existimabat.
488 1159 538 1232 Sed
552 1160 599 1214 ubi
613 1160 689 1214 oertis
702 1159 853 1233 'auctioribus

61 1236 197 1306 comperit,
217 1235 307 1288 minus
322 1235 475 1306 quinqueet
486 1234 580 1307 viginti
592 1233 711 1288 millibus
726 1233 803 1306 longe
819 1233 854 1288 ab
924 1257 926 1268 ·

3 1345 4 1350 =
61 1309 407 1380 Utioaeiusoopiasabesse‚
428 1308 523 1362 relictis
536 1308 736 1372 munitionibus,
756 1325 813 1362 sese
825 1308 853 1364 in

61 1393 146 1438 castra
156 1385 309 1440 Corneliana
319 1383 423 1452 recepit.
444 1380 669 1437 Hueirumenturn
683 1389 851 1452 comportare,

61 1467 146 1514 eastra
164 1459 278 1521 munire,
298 1457 433 1511 materiam
451 1455 565 1510 conferre
577 1456 661 1526 eoepit
674 1455 814 1525 statimque
825 1456 853 1509 in

62 1534 182 1589 Siciliam
191 1533 272 1595 misit,
286 1531 325 1584 uti
335 1531 402 1584 duae
412 1530 525 1603 legiones
539 1530 710 1600 reliquusque
724 1530 854 1599 equitatus

63 1609 97 1663 ad
109 1625 139 1662 se
150 1607 322 1660 mitterentur.
347 1605 435 1660 Castra
453 1612 525 1658 erant
540 1604 573 1659 ad
587 1603 686 1658 bellum
704 1603 853 1656 ducendum

63 1682 210 1754 aptissima,
227 1687 319 1733 natura
332 1679 380 1733 loei
389 1688 413 1732 et
423 1677 566 1734 munitione
576 1688 601 1733 et
610 1678 690 1732 maris
700 1677 857 1748 propinqui·-

65 1765 116 1810 tnte
129 1761 154 1809 et
167 1770 251 1825 equae
264 1761 290 1808 et
301 1753 363 1807 satis
381 1753 463 1824 eopia,
483 1755 559 1808 ouius
577 1769 673 1826 magna
692 1753 732 1806 vis
751 1753 803 1806 iam
822 1769 855 1806 ex

63 1829 194 1904 proximis
213 1835 266 1882 arat
282 1827 373 1882 salinis
387 1845 417 1882 eo
429 1837 559 1900 oongasta.
584 1830 642 1882 Non
660 1827 766 1882 materia
784 1827 856 1896 mui-

63 1905 176 1960 titudine
187 1903 319 1968 arborum,
335 1920 386 1957 non
400 1903 568 1959 [rumentum.
582 1904 658 1956 onius
671 1911 744 1956 erant
758 1901 857 1974 pienis-

65 1981 126 2036 simi
136 1979 201 2052 agri,
213 1979 321 2034 deficere
330 1985 435 2050 potarat.
449 1979 537 2049 itaque
545 1979 665 2032 omnium
676 1995 784 2032 suorum
794 1993 856 2032 eon-

65 2071 144 2110 sensu
154 2055 234 2110 Curio
244 2053 358 2126 reliquas
367 2054 454 2124 eopias
463 2061 611 2125 exspectare
619 2051 752 2108 et'bellum
762 2052 855 2108 dueere

66 2131 180 2200 parabat.

115 2204 266 2258 XXXVIII.
287 2203 333 2258 His
342 2203 488 2258 eonstitntis
498 2203 577 2258 rebus
589 2203 757 2274 probatisque
769 2202 856 2256 oonsi-

67 2278 119 2342 tas,
130 2294 164 2330 ex
175 2276 289 2350 perfugis
298 2279 458 2349 quibusdam
469 2278 606 2348 oppidanis
616 2277 698 2339 audit,
706 2277 807 2339 tubam,
815 2292 856 2329 ro-

68 2359 187 2408 vocatum
204 2351 313 2406 finitimo
332 2353 400 2406 bello
414 2361 438 2406 et
449 2353 629 2407 controversiis
649 2353 855 2422 Leptitanomm4

69 2427 191 2482 restitisse
205 2425 232 2479 in
248 2443 339 2498 regno;
365 2427 502 2492 Saburam,
528 2427 585 2488 sius
603 2425 769 2497 praefectum,
793 2439 854 2476 eum

68 2500 240 2557 mediocribus
254 2501 335 2570 copiis
344 2502 465 2562 missurn,
478 2501 562 2556 Uticae
572 2500 789 2571 adpropinquare.
809 2497 856 2551 His

69 2576 214 2632 oucttnibus
225 2582 319 2628 tammo
327 2575 444 2636 eredens,
452 2576 592 2630 eonsilium
602 2579 743 2628 commutat
750 2577 775 2624 et
782 2587 856 2642 proe-

70 2653 104 2708 lio
121 2669 176 2720 rem
193 2649 353 2704 oommittere
369 2650 511 2705 constituit.
539 2649 651 2706 nattum
670 2646 702 2700 ad
720 2646 788 2700 hano
800 2661 854 2702 rem
