2068 2998
269 177 375 224 ΗΜ.
406 177 602 228 οΔΡ.58.56.
785 173 835 230 267
940 185 947 194 ’
1022 223 1023 234 .

29 293 96 332 tuus
105 276 264 334 Britanniae
272 274 401 332 docuerat.
416 276 525 333 Carinae
533 277 686 350 primumac
693 279 835 335 statumina

30 367 62 407 ex
74 350 133 408 leri
151 351 263 406 materia
280 351 391 408 fiebant:
411 350 545 426 reliquum
553 351 777 424 corpusnavium,
793 354 836 408 vi·
873 399 876 406 .

31 426 157 482 minibus
171 431 335 492 contextum,
355 425 432 481 coriis
446 425 618 502 intelgebatur.
643 427 695 481 llas
709 425 835 499 perlectas

33 501 114 556 carris
135 501 239 556 iunctis
257 499 363 556 devebit
382 509 461 556 noctu
472 499 557 558 millia
572 516 702 574 passuum
715 517 731 555 a
743 501 835 558 castris

34 575 123 642 xxti,
136 575 292 648 militesque
300 575 343 630 his
354 575 468 632 navibus
478 574 576 632 flumen
586 581 744 648 transportat
751 576 836 630 conti·

35 649 283 723 nentemqueripaa
294 649 540 722 collemimproviso
549 657 665 723 occupat.
684 649 836 706 llunccele·

37 725 106 791 riter,
126 725 300 798 priusquam
313 723 657 792 abadversariissentiatiu,
677 724 834 781 communit.

37 801 93 856 lluc
104 799 242 874 legionem
254 806 343 870 postea
351 799 493 855 transiicit:
513 807 592 872 atque
600 817 634 856 ex
643 806 754 872 utraque
762 807 836 873 parte

38 882 146 946 pentem
157 873 310 930 institutum
318 873 405 929 vbiduo
413 873 521 946 perlicit.
541 876 579 930 Ita
591 879 739 941 comitatus,
754 873 836 947 etqui

39 948 168 1006 frumenti
178 965 272 1004 caussa
285 957 472 1020 processerant,
489 955 546 1006 tuto
555 947 589 1006 ad
602 967 632 1006 ss
642 950 734 1023 recipit
742 957 768 1006 et
779 965 836 1006 rem
921 989 926 998 .

40 1023 243 1081 brrmentanam
252 1023 375 1096 expedire
384 1023 486 1097 incipit.

91 1145 151 1203 LV.
171 1144 272 1202 Eodem
286 1143 329 1200 die
340 1145 461 1217 equitum
480 1161 605 1219 magnam
623 1153 724 1217 partem
736 1143 836 1202 llumen

40 1219 184 1285 transiacit‚
198 1219 256 1292 qni,
272 1219 436 1291 inopinantes
445 1219 773 1292 pabulatoresetsineullo
782 1220 838 1276 dis·

42 1298 141 1369 sipatns
154 1295 249 1351 timore
259 1293 386 1368 adgressi,
402 1311 483 1366 quam
497 1311 626 1367 magnum
639 1312 781 1350 numerum
795 1295 837 1350 iu·

42 1379 193 1436 mentorum
203 1376 282 1440 atque
290 1369 430 1425 hominum
439 1367 620 1441 intercipiunt;
633 1367 838 1440 cohortibusque

42 1445 145 1502 enatis
158 1443 280 1499 subsidio
297 1443 396 1510 missis,
417 1444 527 1498 scienta
544 1442 573 1497 in
593 1441 661 1497 duas
682 1449 768 1513 partes
781 1458 839 1498 sese
919 1445 923 1466 ·
1012 1429 1023 1454 '¹

43 1520 223 1588 distribuunt;
244 1516 300 1584 alii,
319 1525 350 1572 ut
366 1517 477 1590 praedae
496 1515 627 1590 praesidio
644 1515 712 1576 sint:
733 1514 788 1580 alii,
807 1523 839 1570 ut

45 1593 214 1652 venientibus
227 1593 349 1648 resistant
363 1599 443 1664 atque
460 1607 504 1648 ecs
523 1589 682 1664 propellant:
701 1605 838 1661 unamque

44 1670 187 1734 cohortem,
197 1675 371 1742 qnaetcmere
380 1673 440 1722 ante
448 1673 545 1722 cebras
553 1672 627 1721 extra
640 1665 722 1720 aciem
730 1679 839 1736 procur-

46 1750 125 1808 reret.
144 1742 272 1800 seclusam
285 1742 318 1797 ab
330 1741 440 1814 reliquis
452 1739 663 1798 circumveniunt
671 1746 750 1812 atque
758 1739 839 1793 inter»

47 1818 150 1883 ficiunt,
164 1816 431 1890 incolumesquecum
444 1832 542 1890 magna
555 1813 652 1889 praeda
660 1813 751 1870 eodem
760 1820 839 1886 ponte

49 1895 77 1950 in
85 1898 169 1952 castra
175 1899 349 1949 revertuntur.

102 2001 168 2060 tvi.
186 2001 256 2056 Dum
265 1999 329 2056 haec
339 1997 493 2056 adllerdam
502 2003 639 2073 geruntur,
651 1995 837 2064 Massilienses,

51 2077 92 2133 usi
101 2075 241 2132 L.Domitii
249 2074 367 2140 oonsilio,
380 2074 456 2131 navis
465 2073 558 2148 longae
566 2072 719 2146 expediunt,
729 2089 841 2129 numero

52 2152 132 2216 xvii,
142 2147 256 2223 quarum
265 2157 339 2206 erant
347 2150 386 2205 Xl
394 2155 482 2205 tectae.
501 2147 838 2206 llnltabucminoranavi·

53 2224 210 2301 quoddam,
220 2221 317 2297 utipsa
324 2223 493 2280 multitudine
501 2231 590 2280 nostra
599 2221 691 2280 classis
700 2230 839 2279 mirentur:

54 2315 323 2376 magnumnumerum
332 2298 838 2374 sagittariorummegnnmdlbioornm.

56 2375 188 2448 dequibus
197 2390 278 2446 supra
286 2373 493 2429 demonstratum
503 2381 551 2440 est,
558 2373 699 2447 imponunt
704 2379 782 2443 atque
790 2369 839 2424 hos

56 2449 172 2523 praemiis
184 2447 470 2521 pollicitationibusque
484 2447 603 2504 incitant.
623 2447 713 2503 Certos
728 2444 781 2500 sibi
794 2443 842 2500 de·

57 2525 134 2598 poscit
144 2539 222 2579 naves
231 2522 362 2577 Domitius
374 2529 452 2595 atque
461 2521 509 2577 lias
518 2519 618 2577 colonis
626 2518 838 2593 pastoribusque,

58 2616 120 2672 qnos
132 2609 218 2654 secum
232 2595 384 2662 adduxerat,
404 2594 524 2668 complet.
553 2595 605 2660 Sic,
622 2593 748 2650 omnibus
762 2593 841 2649 robus

60 2669 275 2737 bebecrelasse
295 2685 391 2745 inagna
402 2669 498 2726 fiducia
509 2669 654 2727 adnostros
664 2686 743 2726 navos
752 2685 843 2742 prooe-
