2072 2998
270 153 343 204 nm.
357 155 414 204 ru.
443 157 524 206 our.
539 159 618 207 ono
666 152 688 231 J
799 159 848 214 tot

110 255 157 314 IX.
175 255 211 312 At
224 256 329 321 Ceeser„
350 256 462 312 biduum
476 259 503 314 in
516 258 756 327 iisloor'smoratus,
776 263 847 334 quod

56 332 158 388 bnende
168 331 379 405 Vercingetorige
391 347 442 386 neu
454 341 564 390 ventura
576 332 699 405 opinione
712 350 848 408 praecepe-

58 417 102 472 rat,
115 425 162 480 per
168 423 295 461 caussam
305 405 479 476 supplementi
493 409 678 480 equitatusque
690 409 799 482 eogendi
813 412 847 466 eb

54 483 166 537 exercitu
176 479 304 545 rismum
324 479 434 534 Brutum
443 481 629 538 ndolesoentem
640 483 672 537 iis
681 483 763 555 eopiis
772 501 847 555 proe-

53 557 118 625 iinit3
139 557 213 610 bunc
222 562 322 619 mouet,
340 563 370 609 ut
382 554 408 610 iu
418 556 504 612 omnis
513 566 598 628 portes
607 557 708 628 equites
718 575 798 630 quam
809 557 846 612 le-

40 631 154 685 tissime
166 637 360 702 pervagentur:
380 629 503 685 daturum
517 647 545 686 se
558 647 671 702 opernm,
694 649 728 688 ne
742 632 846 720 longius
906 681 910 696 ,

52 705 139 760 triduo
148 705 183 759 nb
192 703 286 758 eastris
294 703 373 757 obsit.
393 703 439 758 His
450 705 597 761 eonstitutis
610 707 698 773 rebus,
717 707 775 762 suis
788 724 846 762 rno-

50 780 216 852 pirunteus,
230 793 314 850 quem
325 779 449 832 maximis
457 787 540 850 potest
553 780 700 848 itineribus,
716 781 845 838 Viennam

50 855 176 926 pervenit.
198 853 239 908 lbi
249 859 343 906 neotus
352 860 479 908 reoentem
490 855 644 926 equitatum,
659 873 739 928 quem
753 857 845 912 multis

49 937 107 984 onte
117 929 217 984 'diebus
233 943 264 982 eo
278 927 455 998 praemiserat,
478 945 564 1001 neque
580 930 675 985 diumo
692 947 779 1004 neque
797 948 846 986 ne-

48 1013 142 1062 eterno
149 1004 246 1058 itinere
254 1001 413 1067 intermisso,
433 1017 481 1074 per
494 1003 560 1058 finos
572 1003 724 1060 Aeduorum
737 1005 765 1061 in
780 1007 845 1060 Lin-

47 1095 129 1153 genes
138 1075 285 1142 contendit,
306 1075 354 1130 ubi
367 1075 434 1132 duee
449 1077 562 1151 legiones
581 1077 740 1146 hiemabant,
760 1089 799 1144 ut,
820 1081 843 1135 si

46 1153 115 1226 quid
128 1153 208 1207 etiam
223 1150 256 1206 de
270 1166 320 1205 eur
334 1149 417 1205 solute
434 1151 468 1206 ob
486 1151 584 1208 Aeduis
602 1153 711 1208 iniretur
728 1155 840 1221 nonsibi,

47 1227 179 1282 eeleritate
197 1231 381 1298 praenarremt.
404 1225 443 1280 Eo
456 1243 541 1299 quum
562 1225 729 1300 pervenisset,
750 1229 784 1284 ed
802 1247 843 1284 re-

49 1301 141 1373 liques
159 1300 273 1374 legiones
292 1299 381 1365 mittit,
403 1301 530 1374 priusque
547 1319 639 1357 omnes
656 1303 684 1357 in
702 1319 788 1358 unum
804 1303 843 1358 lo·
867 1303 870 1310 ⁴

45 1393 115 1432 euru
132 1377 210 1450 eogit,
230 1391 316 1448 quern
331 1373 364 1428 de
379 1374 436 1429 eius
449 1375 565 1431 adventu
580 1376 705 1431 Arvernis
722 1379 842 1432 nunciari

46 1457 149 1524 posset.
173 1451 224 1506 ileo
235 1467 265 1505 re
277 1449 391 1522 cognite,
414 1449 606 1524 Vercingetorix
623 1467 716 1505 rursus
728 1451 757 1506 in
769 1452 843 1506 Ritu-

46 1528 119 1601 riges
134 1525 279 1580 exeroitum
296 1523 397 1578 reducit
409 1531 496 1596 etque,
517 1525 578 1580 inde
596 1524 724 1596 proiectus
743 1524 843 1599 Gergo-

46 1600 264 1666 rumbolorum
279 1597 416 1670 oppidum,
432 1615 501 1671 qnos
509 1599 546 1653 ibi
557 1599 685 1654 Helvetico
693 1598 791 1670 proelio
801 1600 843 1654 vi-

46 1685 103 1730 ctos
118 1675 212 1732 Caesar
224 1673 396 1730 oolloeereret
409 1673 561 1747 Aeduisque
573 1673 741 1739 retribueret,
757 1689 843 1746 oppu-

48 1765 131 1824 gnare
140 1749 263 1806 inetltuit.
798 1795 800 1798 .

103 1823 139 1880 X.
157 1825 285 1899 Magnum
295 1821 357 1878 been
369 1839 411 1878 res
423 1821 527 1880 Caesari
541 1821 720 1879 difficultatem
732 1821 767 1879 ud
777 1839 842 1879 onn-

47 1899 137 1954 silium
148 1898 311 1972 capiendum
325 1895 467 1954 adferebat:
486 1898 511 1952 si
529 1897 657 1971 reliquam
671 1905 769 1970 partem
784 1899 842 1954 bie

46 1975 98 2030 mis
115 1985 171 2030 uno
188 1975 216 2030 in
231 1973 290 2028 loeo
306 1971 419 2044 legiones
433 1973 582 2038 contineret,
603 1990 644 2037 ne,
664 1973 841 2046 stipendiariis

46 2049 197 2105 Aeduorum
216 2045 386 2119 expugnetis,
406 2053 498 2102 ennete
516 2045 601 2102 Gellio
621 2047 748 2114 delineret,
768 2049 840 2122 quod

46 2125 150 2182 nullum
159 2122 255 2179 amieis
265 2122 294 2175 ia
306 2137 337 2176 eo
350 2119 510 2192 praesidium
524 2121 623 2178 videret
635 2123 749 2194 positum
763 2139 837 2180 esse:

44 2200 85 2255 sin
98 2199 229 2255 maturius
238 2213 274 2252 ex
285 2193 405 2250 hibernis
415 2195 542 2262 muneret,
560 2215 595 2253 ne
606 2197 640 2253 nb
655 2215 683 2254 re
696 2197 840 2254 immerite·

44 2275 81 2329 rie
90 2275 166 2330 duris
174 2269 394 2328 subvectionibus
405 2267 539 2326 laboraret.
558 2272 690 2328 Praestare
697 2274 787 2328 visum
800 2281 840 2326 est

44 2359 139 2416 mmm,
159 2363 257 2405 ornnes
271 2342 435 2400 difficultates
452 2346 561 2417 perpeti,
580 2363 671 2418 quam,
692 2353 764 2401 teate
776 2363 840 2400 oon-

44 2424 149 2482 tumelia
158 2427 276 2495 aoeepte,
296 2419 417 2474 omnium
430 2437 538 2476 suorum
551 2419 697 2476 voluntates
715 2417 838 2473 alienare.

45 2502 132 2574 ltaque
145 2499 301 2555 eohortems
314 2493 418 2548 Aeduos
436 2493 470 2550 de
487 2493 664 2566 supportando
681 2499 837 2555 commeatu,

45 2575 185 2647 praemittit
193 2567 233 2628 ‘ad
247 2569 333 2634 notos,
355 2568 449 2641 quide
464 2585 513 2622 suo
526 2569 640 2624 adventu
653 2567 761 2621 dooeant
777 2565 840 2620 hor-

45 2659 192 2724 tenturque,
213 2644 284 2702 utin
296 2641 347 2700 fide
355 2650 478 2700 manoent
490 2649 569 2716 utque
581 2641 697 2697 bostium
711 2640 839 2711 impeturn
