2078 2996
189 221 192 228 „
303 177 375 224 mn.
388 173 434 223 ΠΙ.
462 177 541 225 GAl’.
556 177 596 224 82.
799 175 849 228 ³63

17 329 18 336 ,
55 273 671 352 producendos'ouraverat‚portasapenien1nt.
691 277 795 344 Quibus
810 279 852 335 dt-

17 373 20 412 r
57 353 230 427 ligentissime
245 353 413 420 conservatis,
434 351 525 407 oollala
542 349 645 406 fortuna
658 353 850 425 Metropolitum

17 447 20 488 ι
56 443 120 484 eum
128 443 191 483 nasu
201 427 421 498 Gomphensium,
435 424 509 482 nulla
522 425 671 481 Thessaliae
684 426 734 482 luit
748 427 848 492 civitas,

17 527 21 564 ε
54 509 158 576 praeter
178 502 334 566 Larimaees,
358 501 407 574 qni
425 501 529 574 magnis
545 501 704 556 exercitibus
721 501 851 573 Scipionis

17 601 22 640 r
54 577 223 641 tenebantur,
244 575 310 647 quin
323 575 426 630 Caesari
437 582 557 646 parerent
573 583 651 648 atque
670 576 796 648 imperata
814 576 852 631 la-

17 663 21 714 t
56 658 157 708 nerent.
181 649 237 712 llle,
257 650 352 723 segetis
371 649 493 705 idoneum
512 649 599 705 locum
614 651 641 705 in
656 652 727 724 agris
747 657 849 715 nactus,

17 751 22 790 r
57 723 280 798 quaspropeiam
290 731 391 779 matura
402 730 465 790 eret,
486 724 525 780 ibi
543 724 685 781 adventum
702 732 852 796 exspectare

17 827 22 864 ι
57 799 178 872 Pompeii
196 815 281 872 eoque
300 815 405 856 omnem
425 799 552 858 rationem
571 799 634 856 belli
652 798 768 856 eonlerre
789 807 852 855 eorl-

17 903 21 940 ι
57 873 154 931 stituit·
257 873 261 882 ’

17 981 21 1016 Ι

17 1039 20 1090 g
114 1019 249 1077 LXXXII.
269 1021 409 1096 Pompeius
417 1021 509 1095 pausis
521 1029 581 1095 post
594 1021 687 1078 diebus
701 1021 730 1078 in
740 1022 853 1078 Thessa·

17 1117 21 1164 r
56 1099 123 1154 liem
131 1097 251 1170 pervenit
259 1096 556 1169 oenmenamsqueapud
564 1103 688 1152 omnam
697 1097 850 1164 exereitum,

17 1199 21 1240 t
55 1172 117 1229 suis
142 1172 197 1246 agit
215 1172 327 1246 gratian
357 1170 487 1243 Seipionis
506 1171 603 1226 milites
623 1171 787 1238 eohortatum
810 1179 850 1236 nt,

17 1277 21 1314 ι
57 1253 134 1320 parta
145 1245 325 1310 inmersere,
344 1245 455 1316 praedae
468 1243 686 1316 aopraemiorum
702 1245 783 1300 velint
795 1262 853 1314 esse

17 1353 20 1388 ,
57 1317 211 1396 participes:
231 1319 395 1392 receptisque
401 1318 527 1374 omnibns
536 1320 565 1374 in
573 1335 627 1373 una
641 1326 724 1374 cestra
741 1319 853 1392 legioni-

17 1427 20 1466 ,
57 1397 121 1460 bus,
136 1411 216 1450 sanna
225 1410 286 1449 enm
295 1393 416 1466 Scipione
424 1394 550 1447 honorem
563 1391 854 1464 partiarr‚·alaesieum-

17 1487 20 1538 r
56 1487 113 1544 qne
133 1468 205 1542 opud
221 1483 284 1523 eum
301 1468 361 1522 oeni
371 1474 399 1521 et
416 1466 527 1522 alterum
546 1465 587 1520 illi
605 1465 678 1521 iubet
695 1467 854 1537 praetorium

17 1573 19 1612 ι
56 1543 143 1602 tendi.
163 1541 254 1598 Auctis
263 1539 345 1613 oopiis
354 1542 479 1612 Pompeii,
491 1540 649 1612 duobusque
661 1539 768 1612 magnis
780 1557 855 1594 exer-

17 1649 19 1688 i
58 1617 323 1680 eitibaseoniunotm
338 1616 449 1688 pristina
458 1615 579 1671 omnium
588 1614 757 1670 cenfnanatur
765 1613 855 1685 opinio

17 1725 19 1764 p
58 1701 158 1763 etspas
167 1689 289 1746 victoriae
298 1697 410 1764 augetur
418 1684 491 1756 adeo,
502 1688 680 1762 ut‚qnithuirl
690 1687 855 1743 intemederet

17 1769 18 1826 i
41 1765 196 1837 ,temporie
209 1764 237 1818 id
246 1765 342 1818 morari
350 1763 465 1820 roditnm
474 1765 502 1819 in
510 1764 611 1820 ltaliam
620 1762 765 1828 videretur3
786 1770 819 1826 et,
831 1762 855 1816 si

17 1877 18 1892 r
59 1839 384 1918 quandoqrridPompeias
393 1839 494 1894 tardius
503 1837 743 1893 auteoneideratius
751 1835 852 1902 laceret,

57 1915 144 1974 unlus
152 1931 211 1969 esse
221 1914 355 1988 negotium
363 1913 425 1980 diei,
437 1913 484 1969 se'd
493 1913 570 1968 illum
579 1912 698 1967 deleetari
708 1911 817 1986 imperio
830 1919 856 1966 et

58 1989 211 2048 oonsaleres
220 1989 415 2064 praetoriosque
423 2003 560 2046 servornm
570 1987 666 2042 habere
675 2003 793 2053 numere,
814 1986 855 2044 di-

58 2073 157 2122 cerent.
177 2065 286 2138 lamque
295 2064 399 2120 interse
410 2063 499 2138 palam
512 2063 546 2118 de
556 2062 680 2136 praemiis
694 2077 725 2117 ae
736 2061 856 2118 saoenlo-

60 2141 106 2194 tiis
113 2138 312 2205 eantendehant
323 2140 350 2194 in
361 2155 499 2212 annosque
506 2136 670 2194 oensnlatum
680 2136 853 2205 definiebant}

62 2211 212 2268 olii'domos
220 2213 342 2287 bonaque
350 2231 451 2280 eorum,
474 2213 523 2286 qui
536 2212 565 2268 in
574 2213 666 2282 eastris
678 2219 753 2268 erant
762 2211 856 2268 Caesa-

61 2288 110 2351 ris,
122 2285 256 2357 petebantr
274 2295 425 2362 magnaque
432 2290 500 2344 inter
508 2305 553 2344 eos
564 2288 593 2344 in
606 2286 716 2343 oonsilio
729 2285 779 2340 luit
794 2301 857 2340 eon-
905 2321 907 2332 ι

17 2431 19 2436 ,
61 2359 200 2426 troversia,
218 2369 377 2431 oporteretne
394 2365 424 2419 L.
438 2363 517 2429 Hirri,
537 2362 610 2435 qaod
623 2363 648 2416 ie
660 2361 808 2432 al’ompeio
824 2355 858 2414 ad

60 2434 173 2494 Parthos
183 2433 283 2490 missas
295 2445 370 2502 esset,
390 2438 520 2510 proximis
534 2436 647 2492 eomitiie
660 2433 796 2507 praetoriis
810 2433 858 2487 ab·

62 2509 147 2568 sentis
156 2508 285 2566 rationem
293 2509 392 2567 haberi:
406 2529 493 2586 quum
502 2512 560 2567 eins
571 2508 709 2566 necesarii
718 2505 797 2570 iidem
806 2507 859 2562 im-

63 2586 197 2659 plorarent
206 2583 332 2657 Pompeii,
352 2593 500 2657 praestaret,
520 2585 592 2658 qaod
604 2581 776 2658 proficiscenti
788 2597 858 2637 rece·

62 2660 156 2734 pisam,
167 2659 324 2734 nepereius
332 2662 509 2718 auctoritatem
517 2659 641 2733 deeeptus
651 2655 796 2726 videretur3
817 2673 861 2714 re·
