2064 2996
151 175 154 182 ’
191 156 223 209 42
387 161 438 206 DE
460 161 585 206 BELLO
609 159 777 207 GALLICO
798 181 806 189 ·

190 258 275 316 eonati
289 265 352 314 sunt
365 259 526 324 eooonsilio,
546 266 585 325 ut,
601 260 625 314 si
639 266 754 332 possent,
774 256 924 324 castellum,
947 259 993 314 oui

84 358 92 368 ·
190 341 306 406 praeerat
319 333 352 400 Q.
367 333 485 388 Titurius
499 333 610 406 legatus,
632 340 813 406 expugnarent
825 341 994 406 pontemque

190 408 419 476 interscinderent3
440 409 563 462 siminus
577 409 731 480 potuissent,
752 424 829 480 agros
842 407 993 462 Remorum

190 482 386 554 popularentur,
398 481 446 553 qui
456 499 553 555 magno
562 483 638 536 nobis
651 481 713 537 usui
727 481 761 536 ad
776 481 879 536 bellum
893 498 993 554 geren-

190 557 256 612 dum
265 563 346 622 erant,
358 563 558 628 oommeatuque
570 563 671 611 nostros
679 555 857 627 prohiberent.

245 632 281 686 X.
302 631 406 694 Caesar,
418 630 644 685 oertiorfaetueob
656 631 766 696 Titurio,
786 645 895 684 omnem
910 630 992 701 equi·

190 713 274 760 tatum
285 711 310 758 et
319 703 385 759 levis
398 711 546 760 armaturae
555 703 694 770 Numidas,
718 703 863 760 funditores
880 705 992 777 sagitta-

190 781 298 850 riosque
306 785 414 849 pontem
423 778 568 835 transducit
577 786 655 850 atque
663 779 697 834 ed
706 795 750 834 eos
756 777 899 833 oontendit.
912 778 991 833 Acri-
1012 845 1014 848 Ι

189 861 229 907 ter
240 853 267 906 in
276 869 306 907 eo
316 852 371 908 looo
379 859 528 925 pugnatum
537 860 586 909 est.
606 854 698 909 Hostes
707 851 845 924 impeditos
860 853 943 906 nostri
960 853 990 908 in

191 926 301 981 flumine
318 925 445 1000 adgressi,
469 944 598 1000 magnum
615 943 707 983 eorum
724 941 867 981 numerum
886 926 991 982 oecide-
1023 971 1024 982 2

191 1008 264 1056 runt.
284 1002 332 1054 Per
340 1017 432 1055 eorum
441 1016 548 1072 oorpora
557 1001 682 1073 reliquos,
694 999 868 1067 audacissime
875 1001 990 1055 trarrsire

191 1082 323 1140 oonantes,
335 1073 506 1130 multitudine
515 1074 626 1130 telorum
636 1075 801 1146 repulerunt;
817 1075 928 1146 primos,
940 1076 989 1146 qui

191 1150 358 1215 transierant,
378 1149 497 1220 equitatu
513 1149 706 1204 circumventos
719 1146 912 1204 interieeerunt.
936 1151 990 1204 Ho-
1023 1153 1024 1194 ἶ

191 1232 253 1290 stes,
265 1224 313 1278 ubi
322 1230 347 1278 et
357 1223 389 1278 de
398 1222 575 1296 expugnando
584 1223 689 1294 oppido,
705 1231 730 1278 et
741 1223 774 1278 de
783 1221 894 1278 flumine
902 1229 989 1278 trans-
1023 1241 1024 1294 p

191 1298 279 1354 eundo
288 1315 362 1370 spem
371 1315 401 1354 se
409 1296 531 1354 fefellisse
540 1296 732 1364 intellexerint,
748 1314 835 1370 neque
847 1299 989 1354 nostrosin
1021 1297 1024 1366 i

191 1374 280 1429 locum
289 1373 447 1446 iniquiorem
461 1371 583 1447 progredi
596 1372 734 1446 pugnandi
747 1389 840 1428 caussa
852 1372 987 1438 viderunt,

191 1449 351 1522 atqueipsos
361 1447 699 1504 resfrumenteriadefieere
706 1447 798 1519 eoepit,
808 1447 990 1504 conciliooon-

191 1531 282 1580 vocato
303 1524 507 1591 eonstituerunt,
530 1523 660 1594 optimum
679 1540 750 1587 esse,
774 1521 884 1576 domum
913 1541 989 1578 suam

191 1615 327 1672 quemque
336 1599 439 1664 reverti,
453 1606 487 1664 et,
499 1615 613 1671 quorum
623 1598 651 1652 in
665 1596 731 1653 fines
745 1597 863 1668 primum
876 1597 988 1652 Romani

191 1675 336 1728 exercitum
347 1673 561 1736 introduxissent,
578 1673 611 1726 ad
621 1688 665 1726 eos
679 1670 855 1727 defendendos
868 1673 991 1744 undique

191 1749 373 1815 eonvenirent3
394 1748 520 1818 utpotius
529 1747 557 1802 in
567 1747 633 1812 suis,
648 1763 730 1819 quam
741 1746 768 1801 in
782 1743 875 1800 alienis
890 1747 990 1803 finibus

191 1822 359 1886 decertarent,
367 1828 392 1876 et
400 1821 548 1876 domesticis
557 1821 639 1892 oopiis
648 1822 686 1875 rei
692 1820 877 1875 immentariae
884 1828 992 1877 uteren-

191 1903 245 1949 tur.
263 1895 305 1949 Ad
314 1911 372 1949 eam
382 1895 536 1950 sententiam
546 1911 608 1950 cum
617 1894 726 1966 reliquis
736 1894 837 1948 mussis
848 1893 915 1950 haee
924 1914 991 1968 quo-

190 1985 245 2039 que
255 1969 320 2021 ratio
329 1985 372 2022 eos
386 1967 504 2034 deduxit,
524 1968 597 2041 quod
610 1969 768 2024 Divitiacum
786 1975 866 2039 atque
884 1969 990 2026 Aeduos

193 2042 292 2096 finibus
305 2041 500 2097 Bellovacorum
515 2043 726 2114 adpropinquare
739 2051 925 2116 cognoverant.
945 2047 991 2100 His

193 2114 353 2186 persuaderi,
366 2121 396 2169 ut
403 2115 505 2172 diutius
514 2124 679 2173 morarentur
689 2134 775 2190 neque
786 2115 844 2172 suis
856 2119 991 2175 auxilium

191 2189 297 2255 terrent,
311 2205 364 2244 non
374 2197 479 2260 peterat.

247 2264 296 2320 XI.
316 2264 355 2318 Ea
369 2281 397 2318 re
410 2265 559 2331 constituta,
580 2264 696 2320 secunda
709 2265 802 2338 vigilia
814 2282 915 2340 magno
929 2285 991 2324 oum

193 2339 303 2411 strepitu
313 2355 343 2394 ao
353 2337 469 2394 tumultu
479 2339 570 2395 castris
584 2339 693 2413 egressi,
713 2339 788 2395 nullo
801 2347 871 2394 nerto
886 2342 989 2407 ordine,

193 2431 280 2486 neque
289 2413 408 2486 imperio,
425 2430 511 2484 quum
519 2414 571 2469 sibi
582 2414 697 2485 quisque
705 2414 823 2484 primum
837 2413 942 2471 itineris
954 2417 991 2472 lo-

192 2505 254 2542 oum
268 2495 365 2560 peteret
379 2496 404 2543 et
417 2487 527 2542 domum
537 2487 673 2559 pervenire
682 2493 839 2559 properaret,
860 2487 988 2555 seoerunt,
1023 2547 1024 2550 ,

193 2569 223 2616 ut
232 2563 377 2620 oonsimilis
387 2561 465 2636 fugae
477 2561 600 2634 profectio
614 2560 755 2616 videretur.
780 2563 833 2616 Hac
854 2579 883 2616 re
902 2566 992 2620 statim
1023 2553 1024 2616 i

194 2637 288 2692 Caesar
297 2654 344 2709 per
353 2637 526 2710 speculatores
534 2636 647 2712 eognita,
659 2636 770 2693 insidias
779 2635 889 2701 veritus,
907 2639 990 2711 quod,
