<?xml version="1.0" encoding="UTF-8"?>
<!DOCTYPE html PUBLIC "-//W3C//DTD XHTML 1.0 Transitional//EN"
    "http://www.w3.org/TR/xhtml1/DTD/xhtml1-transitional.dtd">
<html xmlns="http://www.w3.org/1999/xhtml" xml:lang="en" lang="en">
 <head>
  <title>
</title>
<meta http-equiv="Content-Type" content="text/html;charset=utf-8" />
  <meta name='ocr-system' content='tesseract 3.04.00' />
  <meta name='ocr-capabilities' content='ocr_page ocr_carea ocr_par ocr_line ocrx_word'/>
</head>
<body>
  <div class='ocr_page' id='page_1' title='image "./ciuliicaesarisc04caesgoog_0019.png"; bbox 0 0 2064 2996; ppageno 0'>
   <div class='ocr_carea' id='block_1_1' title="bbox 163 149 756 202">
    <p class='ocr_par' dir='ltr' id='par_1_1' title="bbox 163 149 756 202">
     <span class='ocr_line' id='line_1_1' title="bbox 163 149 756 202; baseline -0.002 -1"><span class='ocrx_word' id='word_1_1' title='bbox 163 149 194 202; x_wconf 72' lang='lat' dir='ltr'><strong>ib</strong></span> <span class='ocrx_word' id='word_1_2' title='bbox 368 155 418 200; x_wconf 87' lang='lat' dir='ltr'><strong>DE</strong></span> <span class='ocrx_word' id='word_1_3' title='bbox 440 154 566 201; x_wconf 81' lang='lat' dir='ltr'>BELLO</span> <span class='ocrx_word' id='word_1_4' title='bbox 590 151 756 200; x_wconf 76' lang='lat' dir='ltr'>GALLICO</span> 
     </span>
    </p>
   </div>
   <div class='ocr_carea' id='block_1_2' title="bbox 119 256 1024 2714">
    <p class='ocr_par' dir='ltr' id='par_1_2' title="bbox 158 256 1024 847">
     <span class='ocr_line' id='line_1_2' title="bbox 160 256 958 323; baseline -0.003 -13"><span class='ocrx_word' id='word_1_5' title='bbox 160 264 185 310; x_wconf 85' lang='lat' dir='ltr'><strong>et</strong></span> <span class='ocrx_word' id='word_1_6' title='bbox 193 271 281 309; x_wconf 80' lang='lat' dir='ltr'><strong>umore</strong></span> <span class='ocrx_word' id='word_1_7' title='bbox 299 259 429 323; x_wconf 64' lang='lat' dir='ltr'><strong>frateune,</strong></span> <span class='ocrx_word' id='word_1_8' title='bbox 453 262 478 307; x_wconf 86' lang='lat' dir='ltr'><strong>et</strong></span> <span class='ocrx_word' id='word_1_9' title='bbox 496 259 686 308; x_wconf 70' lang='lat' dir='ltr'><strong>existimatum</strong></span> <span class='ocrx_word' id='word_1_10' title='bbox 703 256 776 322; x_wconf 64' lang='lat' dir='ltr'><strong>vetut</strong></span> <span class='ocrx_word' id='word_1_11' title='bbox 795 258 958 308; x_wconf 75' lang='lat' dir='ltr'><strong>oomnneert.</strong></span> 
     </span>
     <span class='ocr_line' id='line_1_3' title="bbox 163 327 960 396; baseline -0.004 -14"><span class='ocrx_word' id='word_1_12' title='bbox 163 330 236 395; x_wconf 84' lang='lat' dir='ltr'><strong>Quod</strong></span> <span class='ocrx_word' id='word_1_13' title='bbox 245 332 269 381; x_wconf 82' lang='lat' dir='ltr'><strong>si</strong></span> <span class='ocrx_word' id='word_1_14' title='bbox 278 332 374 396; x_wconf 76' lang='lat' dir='ltr'><strong>quidsi</strong></span> <span class='ocrx_word' id='word_1_15' title='bbox 383 345 400 380; x_wconf 91' lang='lat' dir='ltr'><strong><em>a</em></strong></span> <span class='ocrx_word' id='word_1_16' title='bbox 412 327 522 382; x_wconf 80' lang='lat' dir='ltr'><strong>Gaeenrc</strong></span> <span class='ocrx_word' id='word_1_17' title='bbox 532 333 639 396; x_wconf 62' lang='lat' dir='ltr'><strong>mantue</strong></span> <span class='ocrx_word' id='word_1_18' title='bbox 651 331 796 388; x_wconf 63' lang='lat' dir='ltr'><strong>occidisset,</strong></span> <span class='ocrx_word' id='word_1_19' title='bbox 816 340 895 396; x_wconf 78' lang='lat' dir='ltr'><strong>ouum</strong></span> <span class='ocrx_word' id='word_1_20' title='bbox 905 333 960 396; x_wconf 69' lang='grc' dir='ltr'><strong>ἰμςο</strong></span> 
     </span>
     <span class='ocr_line' id='line_1_4' title="bbox 158 405 959 469; baseline 0 -13"><span class='ocrx_word' id='word_1_21' title='bbox 158 419 217 456; x_wconf 81' lang='lat' dir='ltr'><strong>eum</strong></span> <span class='ocrx_word' id='word_1_22' title='bbox 227 405 310 456; x_wconf 79' lang='lat' dir='ltr'><strong>locum</strong></span> <span class='ocrx_word' id='word_1_23' title='bbox 319 406 451 456; x_wconf 74' lang='lat' dir='ltr'><strong>amicitiae</strong></span> <span class='ocrx_word' id='word_1_24' title='bbox 459 406 594 469; x_wconf 75' lang='lat' dir='ltr'><strong>opuocnm</strong></span> <span class='ocrx_word' id='word_1_25' title='bbox 609 411 711 464; x_wconf 76' lang='lat' dir='ltr'><strong>teneret,</strong></span> <span class='ocrx_word' id='word_1_26' title='bbox 726 406 959 457; x_wconf 73' lang='lat' dir='ltr'><strong>neuieemunt&#39;sti-</strong></span> 
     </span>
     <span class='ocr_line' id='line_1_5' title="bbox 159 479 1024 546; baseline 0 -16"><span class='ocrx_word' id='word_1_27' title='bbox 159 485 418 546; x_wconf 59' lang='lat' dir='ltr'><strong>contemnentem</strong></span> <span class='ocrx_word' id='word_1_28' title='bbox 426 479 957 546; x_wconf 63' lang='lat' dir='ltr'><strong>voiuntctosnctumcnocentissimum,</strong></span> <span class='ocrx_word' id='word_1_29' title='bbox 1012 497 1024 535; x_wconf 79' lang='lat' dir='ltr'><strong>e.</strong></span> 
     </span>
     <span class='ocr_line' id='line_1_6' title="bbox 162 550 1019 622; baseline 0.002 -17"><span class='ocrx_word' id='word_1_30' title='bbox 162 556 200 605; x_wconf 79' lang='lat' dir='ltr'><strong>nti</strong></span> <span class='ocrx_word' id='word_1_31' title='bbox 213 555 292 605; x_wconf 74' lang='lat' dir='ltr'><strong>totins</strong></span> <span class='ocrx_word' id='word_1_32' title='bbox 302 550 405 604; x_wconf 57' lang='lat' dir='ltr'><strong>Gallio</strong></span> <span class='ocrx_word' id='word_1_33' title='bbox 418 554 500 604; x_wconf 77' lang='lat' dir='ltr'><strong>animi</strong></span> <span class='ocrx_word' id='word_1_34' title='bbox 515 569 534 604; x_wconf 84' lang='lat' dir='ltr'><strong>n</strong></span> <span class='ocrx_word' id='word_1_35' title='bbox 545 563 572 604; x_wconf 82' lang='lat' dir='ltr'><strong>so</strong></span> <span class='ocrx_word' id='word_1_36' title='bbox 586 559 771 606; x_wconf 75' lang='lat' dir='ltr'><strong>everterentur.</strong></span> <span class='ocrx_word' id='word_1_37' title='bbox 790 550 860 604; x_wconf 75' lang='lat' dir='ltr'><strong>ilaec</strong></span> <span class='ocrx_word' id='word_1_38' title='bbox 872 567 959 622; x_wconf 83' lang='lat' dir='ltr'><strong>quum</strong></span> <span class='ocrx_word' id='word_1_39' title='bbox 1016 559 1019 568; x_wconf 93' lang='lat'>&#39;</span> 
     </span>
     <span class='ocr_line' id='line_1_7' title="bbox 160 621 961 697; baseline 0.002 -19"><span class='ocrx_word' id='word_1_40' title='bbox 160 624 284 697; x_wconf 81' lang='lat' dir='ltr'><strong>pluribus</strong></span> <span class='ocrx_word' id='word_1_41' title='bbox 293 624 382 678; x_wconf 85' lang='lat' dir='ltr'><strong>verbis</strong></span> <span class='ocrx_word' id='word_1_42' title='bbox 391 621 456 678; x_wconf 77' lang='lat' dir='ltr'><strong>tiens</strong></span> <span class='ocrx_word' id='word_1_43' title='bbox 466 641 480 678; x_wconf 86' lang='lat' dir='ltr'><strong>n</strong></span> <span class='ocrx_word' id='word_1_44' title='bbox 489 623 600 679; x_wconf 57' lang='lat' dir='ltr'><strong>ance</strong></span> <span class='ocrx_word' id='word_1_45' title='bbox 610 632 714 696; x_wconf 72' lang='lat' dir='ltr'><strong>peteret</strong></span> <span class='ocrx_word' id='word_1_46' title='bbox 721 624 816 680; x_wconf 73' lang='lat' dir='ltr'><strong>Cnesu</strong></span> <span class='ocrx_word' id='word_1_47' title='bbox 823 624 886 678; x_wconf 88' lang='lat' dir='ltr'><strong>eius</strong></span> <span class='ocrx_word' id='word_1_48' title='bbox 893 625 961 680; x_wconf 79' lang='lat' dir='ltr'><strong>dex-</strong></span> 
     </span>
     <span class='ocr_line' id='line_1_8' title="bbox 161 697 958 772; baseline 0.001 -18"><span class='ocrx_word' id='word_1_49' title='bbox 161 708 228 754; x_wconf 85' lang='lat' dir='ltr'><strong>trem</strong></span> <span class='ocrx_word' id='word_1_50' title='bbox 243 697 360 770; x_wconf 82' lang='lat' dir='ltr'>prendit:</span> <span class='ocrx_word' id='word_1_51' title='bbox 380 697 528 754; x_wconf 73' lang='lat' dir='ltr'><strong>consolatus</strong></span> <span class='ocrx_word' id='word_1_52' title='bbox 546 708 633 772; x_wconf 76' lang='lat' dir='ltr'><strong>roget,</strong></span> <span class='ocrx_word' id='word_1_53' title='bbox 656 699 736 754; x_wconf 84' lang='lat' dir='ltr'><strong>finem</strong></span> <span class='ocrx_word' id='word_1_54' title='bbox 752 698 844 753; x_wconf 77' lang='lat' dir='ltr'><strong>omndi</strong></span> <span class='ocrx_word' id='word_1_55' title='bbox 865 697 958 755; x_wconf 74' lang='lat' dir='ltr'><strong>faciet:</strong></span> 
     </span>
     <span class='ocr_line' id='line_1_9' title="bbox 162 772 958 847; baseline 0 -19"><span class='ocrx_word' id='word_1_56' title='bbox 162 773 226 828; x_wconf 83' lang='lat' dir='ltr'><strong>tenti</strong></span> <span class='ocrx_word' id='word_1_57' title='bbox 236 773 294 827; x_wconf 86' lang='lat' dir='ltr'><strong>eius</strong></span> <span class='ocrx_word' id='word_1_58' title='bbox 304 772 375 844; x_wconf 85' lang='lat' dir='ltr'><strong>epud</strong></span> <span class='ocrx_word' id='word_1_59' title='bbox 386 790 416 827; x_wconf 90' lang='lat' dir='ltr'><strong>se</strong></span> <span class='ocrx_word' id='word_1_60' title='bbox 423 773 534 847; x_wconf 79' lang='lat' dir='ltr'><strong>gratiam</strong></span> <span class='ocrx_word' id='word_1_61' title='bbox 544 788 602 830; x_wconf 85' lang='lat' dir='ltr'><strong>esse</strong></span> <span class='ocrx_word' id='word_1_62' title='bbox 609 773 731 838; x_wconf 82' lang='lat' dir='ltr'><strong>ostendit,</strong></span> <span class='ocrx_word' id='word_1_63' title='bbox 746 774 785 828; x_wconf 84' lang='lat' dir='ltr'><strong>uti</strong></span> <span class='ocrx_word' id='word_1_64' title='bbox 795 773 958 845; x_wconf 75' lang='lat' dir='ltr'><strong>etueipubii-</strong></span> 
     </span>
    </p>

    <p class='ocr_par' dir='ltr' id='par_1_3' title="bbox 158 847 961 1218">
     <span class='ocr_line' id='line_1_10' title="bbox 161 847 960 919; baseline 0 -17"><span class='ocrx_word' id='word_1_65' title='bbox 161 863 205 902; x_wconf 80' lang='lat' dir='ltr'><strong>cuc</strong></span> <span class='ocrx_word' id='word_1_66' title='bbox 216 847 341 901; x_wconf 80' lang='lat' dir='ltr'><strong>iniuriam</strong></span> <span class='ocrx_word' id='word_1_67' title='bbox 355 855 381 902; x_wconf 89' lang='lat' dir='ltr'><strong>et</strong></span> <span class='ocrx_word' id='word_1_68' title='bbox 394 863 474 902; x_wconf 89' lang='lat' dir='ltr'><strong>suum</strong></span> <span class='ocrx_word' id='word_1_69' title='bbox 486 847 603 903; x_wconf 75' lang='lat' dir='ltr'><strong>dotorem</strong></span> <span class='ocrx_word' id='word_1_70' title='bbox 617 849 675 903; x_wconf 88' lang='lat' dir='ltr'><strong>eius</strong></span> <span class='ocrx_word' id='word_1_71' title='bbox 688 847 816 906; x_wconf 63' lang='lat' dir='ltr'><strong>eductui</strong></span> <span class='ocrx_word' id='word_1_72' title='bbox 828 863 861 902; x_wconf 87' lang='lat' dir='ltr'><strong>ec</strong></span> <span class='ocrx_word' id='word_1_73' title='bbox 873 849 960 919; x_wconf 71' lang='lat' dir='ltr'><strong>poeni-</strong></span> 
     </span>
     <span class='ocr_line' id='line_1_11' title="bbox 158 921 961 996; baseline 0.002 -20"><span class='ocrx_word' id='word_1_74' title='bbox 158 923 212 993; x_wconf 88' lang='lat' dir='ltr'><strong>bus</strong></span> <span class='ocrx_word' id='word_1_75' title='bbox 227 921 370 976; x_wconf 74' lang='lat' dir='ltr'><strong>condonet·</strong></span> <span class='ocrx_word' id='word_1_76' title='bbox 384 923 571 996; x_wconf 69' lang='lat' dir='ltr'>Dumnorigem</span> <span class='ocrx_word' id='word_1_77' title='bbox 587 923 622 978; x_wconf 78' lang='lat' dir='ltr'><strong>ud</strong></span> <span class='ocrx_word' id='word_1_78' title='bbox 636 939 665 977; x_wconf 86' lang='lat' dir='ltr'><strong>se</strong></span> <span class='ocrx_word' id='word_1_79' title='bbox 678 930 766 990; x_wconf 82' lang='lat' dir='ltr'><strong>uouet;</strong></span> <span class='ocrx_word' id='word_1_80' title='bbox 786 921 893 977; x_wconf 69' lang='lat' dir='ltr'><strong>fiunem</strong></span> <span class='ocrx_word' id='word_1_81' title='bbox 911 923 961 978; x_wconf 85' lang='lat' dir='ltr'><strong>nd-</strong></span> 
     </span>
     <span class='ocr_line' id='line_1_12' title="bbox 164 996 960 1070; baseline 0.001 -19"><span class='ocrx_word' id='word_1_82' title='bbox 164 997 247 1061; x_wconf 74' lang='lat' dir='ltr'><strong>hiueu</strong></span> <span class='ocrx_word' id='word_1_83' title='bbox 263 997 368 1070; x_wconf 75' lang='lat' dir='ltr'><strong>quaein</strong></span> <span class='ocrx_word' id='word_1_84' title='bbox 376 1013 409 1051; x_wconf 85' lang='lat' dir='ltr'><strong>eo</strong></span> <span class='ocrx_word' id='word_1_85' title='bbox 421 997 741 1069; x_wconf 80' lang='lat' dir='ltr'><strong>reprebendut‚·ostertdit;</strong></span> <span class='ocrx_word' id='word_1_86' title='bbox 761 1013 832 1068; x_wconf 73' lang='lat' dir='ltr'><strong>quiae</strong></span> <span class='ocrx_word' id='word_1_87' title='bbox 844 996 903 1068; x_wconf 80' lang='lat' dir='ltr'><strong>ipso</strong></span> <span class='ocrx_word' id='word_1_88' title='bbox 916 999 960 1052; x_wconf 84' lang='lat' dir='ltr'><strong>in-</strong></span> 
     </span>
     <span class='ocr_line' id='line_1_13' title="bbox 163 1070 957 1144; baseline 0.005 -20"><span class='ocrx_word' id='word_1_89' title='bbox 163 1070 273 1143; x_wconf 75' lang='lat' dir='ltr'><strong>tellegat,</strong></span> <span class='ocrx_word' id='word_1_90' title='bbox 286 1086 354 1142; x_wconf 86' lang='lat' dir='ltr'><strong>qunc</strong></span> <span class='ocrx_word' id='word_1_91' title='bbox 362 1072 454 1126; x_wconf 78' lang='lat' dir='ltr'><strong>civitas</strong></span> <span class='ocrx_word' id='word_1_92' title='bbox 464 1080 598 1143; x_wconf 70' lang='lat' dir='ltr'><strong>queretur,</strong></span> <span class='ocrx_word' id='word_1_93' title='bbox 613 1071 746 1144; x_wconf 63' lang='lat' dir='ltr'><strong>proponit}</strong></span> <span class='ocrx_word' id='word_1_94' title='bbox 767 1080 865 1136; x_wconf 84' lang='lat' dir='ltr'><strong>monet,</strong></span> <span class='ocrx_word' id='word_1_95' title='bbox 881 1080 913 1126; x_wconf 90' lang='lat' dir='ltr'><strong>ut</strong></span> <span class='ocrx_word' id='word_1_96' title='bbox 930 1073 957 1128; x_wconf 89' lang='lat' dir='ltr'><strong>in</strong></span> 
     </span>
     <span class='ocr_line' id='line_1_14' title="bbox 163 1145 959 1218; baseline 0.003 -18"><span class='ocrx_word' id='word_1_97' title='bbox 163 1145 295 1216; x_wconf 84' lang='lat' dir='ltr'><strong>reliquum</strong></span> <span class='ocrx_word' id='word_1_98' title='bbox 314 1154 418 1216; x_wconf 85' lang='lat' dir='ltr'><strong>ternpus</strong></span> <span class='ocrx_word' id='word_1_99' title='bbox 436 1161 529 1200; x_wconf 85' lang='lat' dir='ltr'><strong>omnes</strong></span> <span class='ocrx_word' id='word_1_100' title='bbox 547 1147 709 1218; x_wconf 78' lang='lat' dir='ltr'><strong>suspiciones</strong></span> <span class='ocrx_word' id='word_1_101' title='bbox 718 1145 797 1213; x_wconf 75' lang='lat' dir='ltr'><strong>vitet3</strong></span> <span class='ocrx_word' id='word_1_102' title='bbox 821 1147 959 1217; x_wconf 77' lang='lat' dir='ltr'><strong>praeterite</strong></span> 
     </span>
    </p>

    <p class='ocr_par' dir='ltr' id='par_1_4' title="bbox 162 1219 960 1441">
     <span class='ocr_line' id='line_1_15' title="bbox 162 1219 960 1293; baseline 0.005 -19"><span class='ocrx_word' id='word_1_103' title='bbox 162 1237 191 1274; x_wconf 87' lang='lat' dir='ltr'><strong>se</strong></span> <span class='ocrx_word' id='word_1_104' title='bbox 210 1220 336 1274; x_wconf 82' lang='lat' dir='ltr'><strong>Divitinoe</strong></span> <span class='ocrx_word' id='word_1_105' title='bbox 352 1219 424 1274; x_wconf 82' lang='lat' dir='ltr'><strong>fratri</strong></span> <span class='ocrx_word' id='word_1_106' title='bbox 443 1220 674 1276; x_wconf 78' lang='lat' dir='ltr'><strong>oondouuedicit.</strong></span> <span class='ocrx_word' id='word_1_107' title='bbox 694 1220 850 1293; x_wconf 76' lang='lat' dir='ltr'>Dumnorigi</span> <span class='ocrx_word' id='word_1_108' title='bbox 869 1230 960 1278; x_wconf 76' lang='lat' dir='ltr'><strong>nisto-</strong></span> 
     </span>
     <span class='ocr_line' id='line_1_16' title="bbox 162 1294 959 1368; baseline 0.003 -19"><span class='ocrx_word' id='word_1_109' title='bbox 162 1295 209 1349; x_wconf 88' lang='lat' dir='ltr'><strong>des</strong></span> <span class='ocrx_word' id='word_1_110' title='bbox 223 1294 305 1364; x_wconf 83' lang='lat' dir='ltr'><strong>pouit,</strong></span> <span class='ocrx_word' id='word_1_111' title='bbox 327 1303 366 1360; x_wconf 87' lang='lat' dir='ltr'><strong>ut,</strong></span> <span class='ocrx_word' id='word_1_112' title='bbox 387 1311 456 1366; x_wconf 82' lang='lat' dir='ltr'><strong>quae</strong></span> <span class='ocrx_word' id='word_1_113' title='bbox 470 1301 539 1368; x_wconf 82' lang='lat' dir='ltr'><strong>ngat,</strong></span> <span class='ocrx_word' id='word_1_114' title='bbox 560 1296 722 1368; x_wconf 78' lang='lat' dir='ltr'><strong>quibuscum</strong></span> <span class='ocrx_word' id='word_1_115' title='bbox 737 1294 871 1368; x_wconf 80' lang='lat' dir='ltr'><strong>loquetur,</strong></span> <span class='ocrx_word' id='word_1_116' title='bbox 891 1297 959 1351; x_wconf 81' lang='lat' dir='ltr'><strong>sciro</strong></span> 
     </span>
     <span class='ocr_line' id='line_1_17' title="bbox 162 1369 819 1441; baseline -0.002 -17"><span class='ocrx_word' id='word_1_117' title='bbox 162 1369 254 1441; x_wconf 77' lang='lat' dir='ltr'><strong>possit.</strong></span> <span class='ocrx_word' id='word_1_118' title='bbox 678 1407 682 1416; x_wconf 82' lang='lat'><strong>.</strong></span> <span class='ocrx_word' id='word_1_119' title='bbox 752 1393 755 1403; x_wconf 86' lang='lat'><em>·</em></span> <span class='ocrx_word' id='word_1_120' title='bbox 816 1406 819 1415; x_wconf 82' lang='lat'>·</span> 
     </span>
    </p>

    <p class='ocr_par' dir='ltr' id='par_1_5' title="bbox 161 1441 959 2038">
     <span class='ocr_line' id='line_1_18' title="bbox 217 1441 956 1516; baseline 0.004 -19"><span class='ocrx_word' id='word_1_121' title='bbox 217 1444 291 1497; x_wconf 75' lang='lat' dir='ltr'><strong>xxi.</strong></span> <span class='ocrx_word' id='word_1_122' title='bbox 312 1441 411 1500; x_wconf 83' lang='lat' dir='ltr'><strong>Eodem</strong></span> <span class='ocrx_word' id='word_1_123' title='bbox 424 1443 467 1498; x_wconf 85' lang='lat' dir='ltr'><strong>die</strong></span> <span class='ocrx_word' id='word_1_124' title='bbox 480 1443 514 1500; x_wconf 85' lang='lat' dir='ltr'><strong>ob</strong></span> <span class='ocrx_word' id='word_1_125' title='bbox 528 1441 850 1516; x_wconf 75' lang='lat' dir='ltr'><strong>enpiooetoribussertion</strong></span> <span class='ocrx_word' id='word_1_126' title='bbox 861 1442 956 1510; x_wconf 72' lang='lat' dir='ltr'><strong>iaetus,</strong></span> 
     </span>
     <span class='ocr_line' id='line_1_19' title="bbox 162 1518 958 1591; baseline 0.003 -18"><span class='ocrx_word' id='word_1_127' title='bbox 162 1518 250 1574; x_wconf 86' lang='lat' dir='ltr'><strong>hostes</strong></span> <span class='ocrx_word' id='word_1_128' title='bbox 263 1518 315 1572; x_wconf 90' lang='lat' dir='ltr'><strong>sub</strong></span> <span class='ocrx_word' id='word_1_129' title='bbox 334 1526 421 1574; x_wconf 84' lang='lat' dir='ltr'><strong>monte</strong></span> <span class='ocrx_word' id='word_1_130' title='bbox 433 1519 583 1575; x_wconf 79' lang='lat' dir='ltr'><strong>consedisse</strong></span> <span class='ocrx_word' id='word_1_131' title='bbox 594 1519 668 1577; x_wconf 81' lang='lat' dir='ltr'><strong>milia</strong></span> <span class='ocrx_word' id='word_1_132' title='bbox 679 1529 808 1590; x_wconf 75' lang='lat' dir='ltr'><strong>passuum</strong></span> <span class='ocrx_word' id='word_1_133' title='bbox 820 1519 855 1574; x_wconf 83' lang='lat' dir='ltr'><strong>ub</strong></span> <span class='ocrx_word' id='word_1_134' title='bbox 871 1519 958 1591; x_wconf 88' lang='lat' dir='ltr'><strong>ipsius</strong></span> 
     </span>
     <span class='ocr_line' id='line_1_20' title="bbox 162 1592 958 1666; baseline 0 -18"><span class='ocrx_word' id='word_1_135' title='bbox 162 1593 332 1648; x_wconf 80' lang='lat' dir='ltr'><strong>castrisocto:</strong></span> <span class='ocrx_word' id='word_1_136' title='bbox 355 1592 442 1666; x_wconf 80' lang='lat' dir='ltr'><strong>qualis</strong></span> <span class='ocrx_word' id='word_1_137' title='bbox 452 1603 520 1649; x_wconf 87' lang='lat' dir='ltr'><strong>esset</strong></span> <span class='ocrx_word' id='word_1_138' title='bbox 529 1603 622 1648; x_wconf 75' lang='lat' dir='ltr'><strong>nutura</strong></span> <span class='ocrx_word' id='word_1_139' title='bbox 630 1593 728 1648; x_wconf 76' lang='lat' dir='ltr'><strong>utentis</strong></span> <span class='ocrx_word' id='word_1_140' title='bbox 737 1600 763 1647; x_wconf 89' lang='lat' dir='ltr'><strong>et</strong></span> <span class='ocrx_word' id='word_1_141' title='bbox 771 1592 958 1664; x_wconf 83' lang='lat' dir='ltr'><strong>queiisinnir-</strong></span> 
     </span>
     <span class='ocr_line' id='line_1_21' title="bbox 162 1666 957 1742; baseline 0.003 -20"><span class='ocrx_word' id='word_1_142' title='bbox 162 1669 233 1724; x_wconf 89' lang='lat' dir='ltr'><strong>cuitu</strong></span> <span class='ocrx_word' id='word_1_143' title='bbox 244 1667 394 1734; x_wconf 81' lang='lat' dir='ltr'><strong>adscensus,</strong></span> <span class='ocrx_word' id='word_1_144' title='bbox 406 1669 454 1740; x_wconf 86' lang='lat' dir='ltr'><strong>qui</strong></span> <span class='ocrx_word' id='word_1_145' title='bbox 463 1675 654 1742; x_wconf 70' lang='lat' dir='ltr'><strong>cognoaecrent</strong></span> <span class='ocrx_word' id='word_1_146' title='bbox 667 1666 748 1720; x_wconf 85' lang='lat' dir='ltr'><strong>misit.</strong></span> <span class='ocrx_word' id='word_1_147' title='bbox 767 1667 957 1724; x_wconf 72' lang='lat' dir='ltr'><strong>Renuntiatum</strong></span> 
     </span>
     <span class='ocr_line' id='line_1_22' title="bbox 162 1739 959 1817; baseline 0.003 -21"><span class='ocrx_word' id='word_1_148' title='bbox 162 1751 210 1806; x_wconf 79' lang='lat' dir='ltr'><strong>est,</strong></span> <span class='ocrx_word' id='word_1_149' title='bbox 230 1743 332 1796; x_wconf 78' lang='lat' dir='ltr'><strong>facilem</strong></span> <span class='ocrx_word' id='word_1_150' title='bbox 346 1759 413 1796; x_wconf 86' lang='lat' dir='ltr'><strong>esse.</strong></span> <span class='ocrx_word' id='word_1_151' title='bbox 434 1745 470 1797; x_wconf 86' lang='lat' dir='ltr'><strong>De</strong></span> <span class='ocrx_word' id='word_1_152' title='bbox 485 1743 557 1796; x_wconf 76' lang='lat' dir='ltr'><strong>tertia</strong></span> <span class='ocrx_word' id='word_1_153' title='bbox 566 1741 658 1814; x_wconf 80' lang='lat' dir='ltr'><strong>vigilia</strong></span> <span class='ocrx_word' id='word_1_154' title='bbox 668 1742 698 1796; x_wconf 87' lang='lat' dir='ltr'><strong>T.</strong></span> <span class='ocrx_word' id='word_1_155' title='bbox 710 1739 865 1808; x_wconf 79' lang='lat' dir='ltr'><strong>Labienum,</strong></span> <span class='ocrx_word' id='word_1_156' title='bbox 886 1741 959 1817; x_wconf 76' lang='lat' dir='ltr'><strong>lege-</strong></span> 
     </span>
     <span class='ocr_line' id='line_1_23' title="bbox 162 1814 957 1890; baseline 0.005 -20"><span class='ocrx_word' id='word_1_157' title='bbox 162 1823 219 1871; x_wconf 90' lang='lat' dir='ltr'><strong>tum</strong></span> <span class='ocrx_word' id='word_1_158' title='bbox 228 1833 277 1888; x_wconf 81' lang='lat' dir='ltr'><strong>pro</strong></span> <span class='ocrx_word' id='word_1_159' title='bbox 289 1825 413 1886; x_wconf 78' lang='lat' dir='ltr'><strong>praetore,</strong></span> <span class='ocrx_word' id='word_1_160' title='bbox 434 1833 495 1870; x_wconf 88' lang='lat' dir='ltr'><strong>cum</strong></span> <span class='ocrx_word' id='word_1_161' title='bbox 507 1815 612 1870; x_wconf 78' lang='lat' dir='ltr'><strong>duabus</strong></span> <span class='ocrx_word' id='word_1_162' title='bbox 625 1814 773 1890; x_wconf 81' lang='lat' dir='ltr'><strong>legionibus</strong></span> <span class='ocrx_word' id='word_1_163' title='bbox 789 1825 815 1871; x_wconf 88' lang='lat' dir='ltr'><strong>et</strong></span> <span class='ocrx_word' id='word_1_164' title='bbox 828 1816 862 1872; x_wconf 90' lang='lat' dir='ltr'><strong>iis</strong></span> <span class='ocrx_word' id='word_1_165' title='bbox 881 1817 957 1874; x_wconf 85' lang='lat' dir='ltr'><strong>duci-</strong></span> 
     </span>
     <span class='ocr_line' id='line_1_24' title="bbox 162 1890 956 1964; baseline 0.005 -19"><span class='ocrx_word' id='word_1_166' title='bbox 162 1891 222 1954; x_wconf 85' lang='lat' dir='ltr'><strong>bus,</strong></span> <span class='ocrx_word' id='word_1_167' title='bbox 239 1891 286 1961; x_wconf 89' lang='lat' dir='ltr'><strong>qui</strong></span> <span class='ocrx_word' id='word_1_168' title='bbox 297 1891 344 1943; x_wconf 86' lang='lat' dir='ltr'><strong>iter</strong></span> <span class='ocrx_word' id='word_1_169' title='bbox 353 1899 535 1963; x_wconf 81' lang='lat' dir='ltr'><strong>cognoverunt,</strong></span> <span class='ocrx_word' id='word_1_170' title='bbox 552 1905 689 1945; x_wconf 85' lang='lat' dir='ltr'><strong>summum</strong></span> <span class='ocrx_word' id='word_1_171' title='bbox 700 1890 792 1964; x_wconf 80' lang='lat' dir='ltr'><strong>iugum</strong></span> <span class='ocrx_word' id='word_1_172' title='bbox 802 1892 899 1948; x_wconf 86' lang='lat' dir='ltr'><strong>montis</strong></span> <span class='ocrx_word' id='word_1_173' title='bbox 908 1893 956 1949; x_wconf 81' lang='lat' dir='ltr'><strong>cd—</strong></span> 
     </span>
     <span class='ocr_line' id='line_1_25' title="bbox 161 1963 956 2038; baseline 0.006 -20"><span class='ocrx_word' id='word_1_174' title='bbox 161 1964 285 2018; x_wconf 84' lang='lat' dir='ltr'><strong>sceudcre</strong></span> <span class='ocrx_word' id='word_1_175' title='bbox 298 1963 383 2031; x_wconf 90' lang='lat' dir='ltr'><strong>iubet;</strong></span> <span class='ocrx_word' id='word_1_176' title='bbox 404 1965 473 2035; x_wconf 34' lang='lat' dir='ltr'><strong>quius</strong></span> <span class='ocrx_word' id='word_1_177' title='bbox 484 1965 526 2018; x_wconf 91' lang='lat' dir='ltr'><strong>sui</strong></span> <span class='ocrx_word' id='word_1_178' title='bbox 535 1964 638 2019; x_wconf 83' lang='lat' dir='ltr'><strong>consilii</strong></span> <span class='ocrx_word' id='word_1_179' title='bbox 648 1965 691 2031; x_wconf 86' lang='lat' dir='ltr'><strong>sit,</strong></span> <span class='ocrx_word' id='word_1_180' title='bbox 705 1966 830 2022; x_wconf 73' lang='lat' dir='ltr'><strong>ostendit.</strong></span> <span class='ocrx_word' id='word_1_181' title='bbox 850 1969 909 2038; x_wconf 84' lang='lat' dir='ltr'><strong>Ipse</strong></span> <span class='ocrx_word' id='word_1_182' title='bbox 922 1967 956 2024; x_wconf 89' lang='lat' dir='ltr'><strong>dc</strong></span> 
     </span>
    </p>

    <p class='ocr_par' dir='ltr' id='par_1_6' title="bbox 119 2037 1022 2410">
     <span class='ocr_line' id='line_1_26' title="bbox 119 2037 1022 2114; baseline 0.006 -21"><span class='ocrx_word' id='word_1_183' title='bbox 119 2096 126 2112; x_wconf 64' lang='grc'>,</span> <span class='ocrx_word' id='word_1_184' title='bbox 161 2045 254 2110; x_wconf 79' lang='lat' dir='ltr'><strong>quarte</strong></span> <span class='ocrx_word' id='word_1_185' title='bbox 267 2037 358 2110; x_wconf 77' lang='lat' dir='ltr'><strong>vigilia</strong></span> <span class='ocrx_word' id='word_1_186' title='bbox 369 2038 460 2093; x_wconf 84' lang='lat' dir='ltr'><strong>eodem</strong></span> <span class='ocrx_word' id='word_1_187' title='bbox 476 2039 575 2102; x_wconf 83' lang='lat' dir='ltr'><strong>itincre,</strong></span> <span class='ocrx_word' id='word_1_188' title='bbox 591 2055 646 2114; x_wconf 87' lang='lat' dir='ltr'><strong>qun</strong></span> <span class='ocrx_word' id='word_1_189' title='bbox 656 2041 744 2096; x_wconf 83' lang='lat' dir='ltr'><strong>hostes</strong></span> <span class='ocrx_word' id='word_1_190' title='bbox 755 2041 846 2104; x_wconf 78' lang='lat' dir='ltr'><strong>ierant,</strong></span> <span class='ocrx_word' id='word_1_191' title='bbox 863 2042 897 2097; x_wconf 87' lang='lat' dir='ltr'><strong>ed</strong></span> <span class='ocrx_word' id='word_1_192' title='bbox 911 2059 956 2098; x_wconf 84' lang='lat' dir='ltr'><strong>eos</strong></span> <span class='ocrx_word' id='word_1_193' title='bbox 1021 2057 1022 2064; x_wconf 55' lang='lat'>¹</span> 
     </span>
     <span class='ocr_line' id='line_1_27' title="bbox 161 2111 956 2186; baseline 0.008 -19"><span class='ocrx_word' id='word_1_194' title='bbox 161 2111 301 2177; x_wconf 82' lang='lat' dir='ltr'><strong>contendit,</strong></span> <span class='ocrx_word' id='word_1_195' title='bbox 314 2112 514 2186; x_wconf 82' lang='lat' dir='ltr'><strong>equitatumque</strong></span> <span class='ocrx_word' id='word_1_196' title='bbox 522 2127 627 2172; x_wconf 83' lang='lat' dir='ltr'><strong>omnem</strong></span> <span class='ocrx_word' id='word_1_197' title='bbox 636 2126 696 2172; x_wconf 83' lang='lat' dir='ltr'><strong>ente</strong></span> <span class='ocrx_word' id='word_1_198' title='bbox 705 2133 734 2171; x_wconf 87' lang='lat' dir='ltr'><strong>se</strong></span> <span class='ocrx_word' id='word_1_199' title='bbox 742 2116 831 2172; x_wconf 84' lang='lat' dir='ltr'><strong>mittit.</strong></span> <span class='ocrx_word' id='word_1_200' title='bbox 845 2118 874 2171; x_wconf 88' lang='lat' dir='ltr'><strong>P.</strong></span> <span class='ocrx_word' id='word_1_201' title='bbox 886 2117 956 2172; x_wconf 87' lang='lat' dir='ltr'><strong>Con-</strong></span> 
     </span>
     <span class='ocr_line' id='line_1_28' title="bbox 161 2186 955 2261; baseline 0.005 -19"><span class='ocrx_word' id='word_1_202' title='bbox 161 2186 255 2251; x_wconf 76' lang='lat' dir='ltr'><strong>sidius,</strong></span> <span class='ocrx_word' id='word_1_203' title='bbox 276 2187 324 2258; x_wconf 88' lang='lat' dir='ltr'><strong>qui</strong></span> <span class='ocrx_word' id='word_1_204' title='bbox 338 2187 375 2241; x_wconf 86' lang='lat' dir='ltr'><strong>rci</strong></span> <span class='ocrx_word' id='word_1_205' title='bbox 392 2187 514 2244; x_wconf 84' lang='lat' dir='ltr'><strong>militaris</strong></span> <span class='ocrx_word' id='word_1_206' title='bbox 527 2191 704 2261; x_wconf 82' lang='lat' dir='ltr'><strong>peritissimus</strong></span> <span class='ocrx_word' id='word_1_207' title='bbox 721 2191 866 2246; x_wconf 76' lang='lat' dir='ltr'><strong>habebatur</strong></span> <span class='ocrx_word' id='word_1_208' title='bbox 882 2198 911 2248; x_wconf 82' lang='lat' dir='ltr'><strong>et</strong></span> <span class='ocrx_word' id='word_1_209' title='bbox 927 2192 955 2246; x_wconf 91' lang='lat' dir='ltr'><strong>in</strong></span> 
     </span>
     <span class='ocr_line' id='line_1_29' title="bbox 161 2261 1022 2336; baseline 0.003 -19"><span class='ocrx_word' id='word_1_210' title='bbox 161 2262 275 2318; x_wconf 79' lang='lat' dir='ltr'><strong>exercitu</strong></span> <span class='ocrx_word' id='word_1_211' title='bbox 285 2263 316 2316; x_wconf 87' lang='lat' dir='ltr'><strong>L.</strong></span> <span class='ocrx_word' id='word_1_212' title='bbox 327 2261 424 2329; x_wconf 73' lang='lat' dir='ltr'><strong>Sullae,</strong></span> <span class='ocrx_word' id='word_1_213' title='bbox 446 2272 471 2319; x_wconf 88' lang='lat' dir='ltr'><strong>et</strong></span> <span class='ocrx_word' id='word_1_214' title='bbox 480 2273 567 2336; x_wconf 75' lang='lat' dir='ltr'><strong>postea</strong></span> <span class='ocrx_word' id='word_1_215' title='bbox 582 2265 763 2322; x_wconf 70' lang='lat' dir='ltr'><strong>iuuerunt</strong></span> <span class='ocrx_word' id='word_1_216' title='bbox 780 2264 872 2331; x_wconf 68' lang='lat' dir='ltr'><strong>iuerat</strong></span> <span class='ocrx_word' id='word_1_217' title='bbox 893 2283 954 2322; x_wconf 85' lang='lat' dir='ltr'><strong>eum</strong></span> <span class='ocrx_word' id='word_1_218' title='bbox 1021 2311 1022 2320; x_wconf 70' lang='grc'>,</span> 
     </span>
     <span class='ocr_line' id='line_1_30' title="bbox 161 2335 560 2410; baseline 0.01 -18"><span class='ocrx_word' id='word_1_219' title='bbox 161 2335 560 2410; x_wconf 80' lang='lat' dir='ltr'><strong>exploratoribuspraemittitur.</strong></span> 
     </span>
    </p>

    <p class='ocr_par' dir='ltr' id='par_1_7' title="bbox 161 2411 955 2714">
     <span class='ocr_line' id='line_1_31' title="bbox 215 2411 955 2488; baseline 0.003 -22"><span class='ocrx_word' id='word_1_220' title='bbox 215 2411 302 2467; x_wconf 85' lang='lat' dir='ltr'>XXII.</span> <span class='ocrx_word' id='word_1_221' title='bbox 322 2413 408 2468; x_wconf 80' lang='lat' dir='ltr'><strong>Primo</strong></span> <span class='ocrx_word' id='word_1_222' title='bbox 420 2413 484 2479; x_wconf 75' lang='lat' dir='ltr'><strong>luce,</strong></span> <span class='ocrx_word' id='word_1_223' title='bbox 506 2431 591 2488; x_wconf 86' lang='lat' dir='ltr'><strong>quum</strong></span> <span class='ocrx_word' id='word_1_224' title='bbox 606 2431 728 2470; x_wconf 87' lang='lat' dir='ltr'><strong>summus</strong></span> <span class='ocrx_word' id='word_1_225' title='bbox 743 2429 820 2470; x_wconf 87' lang='lat' dir='ltr'><strong>mons</strong></span> <span class='ocrx_word' id='word_1_226' title='bbox 834 2431 848 2470; x_wconf 82' lang='lat' dir='ltr'>a</span> <span class='ocrx_word' id='word_1_227' title='bbox 863 2413 894 2470; x_wconf 89' lang='lat' dir='ltr'><strong>T.</strong></span> <span class='ocrx_word' id='word_1_228' title='bbox 905 2414 955 2468; x_wconf 85' lang='lat' dir='ltr'><strong>Ln-</strong></span> 
     </span>
     <span class='ocr_line' id='line_1_32' title="bbox 162 2485 954 2562; baseline 0.004 -23"><span class='ocrx_word' id='word_1_229' title='bbox 162 2485 239 2541; x_wconf 86' lang='lat' dir='ltr'><strong>bieno</strong></span> <span class='ocrx_word' id='word_1_230' title='bbox 254 2495 396 2550; x_wconf 78' lang='lat' dir='ltr'><strong>teneretur,</strong></span> <span class='ocrx_word' id='word_1_231' title='bbox 419 2489 475 2562; x_wconf 83' lang='lat' dir='ltr'><strong>ipse</strong></span> <span class='ocrx_word' id='word_1_232' title='bbox 487 2491 522 2544; x_wconf 81' lang='lat' dir='ltr'><strong>ub</strong></span> <span class='ocrx_word' id='word_1_233' title='bbox 536 2490 651 2546; x_wconf 85' lang='lat' dir='ltr'><strong>hostium</strong></span> <span class='ocrx_word' id='word_1_234' title='bbox 667 2489 759 2544; x_wconf 77' lang='lat' dir='ltr'><strong>castris</strong></span> <span class='ocrx_word' id='word_1_235' title='bbox 778 2504 831 2546; x_wconf 90' lang='lat' dir='ltr'><strong>non</strong></span> <span class='ocrx_word' id='word_1_236' title='bbox 850 2487 954 2561; x_wconf 82' lang='lat' dir='ltr'><strong>longius</strong></span> 
     </span>
     <span class='ocr_line' id='line_1_33' title="bbox 162 2559 955 2636; baseline 0.003 -20"><span class='ocrx_word' id='word_1_237' title='bbox 162 2559 235 2616; x_wconf 86' lang='lat' dir='ltr'><strong>mille</strong></span> <span class='ocrx_word' id='word_1_238' title='bbox 246 2568 272 2616; x_wconf 90' lang='lat' dir='ltr'><strong>et</strong></span> <span class='ocrx_word' id='word_1_239' title='bbox 284 2563 437 2636; x_wconf 79' lang='lat' dir='ltr'><strong>quingentis</strong></span> <span class='ocrx_word' id='word_1_240' title='bbox 450 2565 573 2636; x_wconf 81' lang='lat' dir='ltr'><strong>passibus</strong></span> <span class='ocrx_word' id='word_1_241' title='bbox 582 2565 692 2630; x_wconf 73' lang='lat' dir='ltr'><strong>obesset,</strong></span> <span class='ocrx_word' id='word_1_242' title='bbox 715 2581 810 2636; x_wconf 84' lang='lat' dir='ltr'><strong>neque,</strong></span> <span class='ocrx_word' id='word_1_243' title='bbox 827 2571 857 2618; x_wconf 90' lang='lat' dir='ltr'><strong>ut</strong></span> <span class='ocrx_word' id='word_1_244' title='bbox 866 2571 955 2634; x_wconf 81' lang='lat' dir='ltr'><strong>postea</strong></span> 
     </span>
     <span class='ocr_line' id='line_1_34' title="bbox 161 2637 953 2714; baseline 0.004 -22"><span class='ocrx_word' id='word_1_245' title='bbox 161 2653 194 2692; x_wconf 85' lang='lat' dir='ltr'><strong>ex</strong></span> <span class='ocrx_word' id='word_1_246' title='bbox 213 2637 323 2704; x_wconf 84' lang='lat' dir='ltr'><strong>captivis</strong></span> <span class='ocrx_word' id='word_1_247' title='bbox 335 2641 469 2712; x_wconf 80' lang='lat' dir='ltr'><strong>comperit,</strong></span> <span class='ocrx_word' id='word_1_248' title='bbox 483 2649 529 2697; x_wconf 84' lang='lat' dir='ltr'><strong>aut</strong></span> <span class='ocrx_word' id='word_1_249' title='bbox 539 2641 623 2714; x_wconf 86' lang='lat' dir='ltr'><strong>ipsius</strong></span> <span class='ocrx_word' id='word_1_250' title='bbox 631 2639 769 2705; x_wconf 79' lang='lat' dir='ltr'><strong>adventus,</strong></span> <span class='ocrx_word' id='word_1_251' title='bbox 782 2647 827 2694; x_wconf 81' lang='lat' dir='ltr'><strong>aut</strong></span> <span class='ocrx_word' id='word_1_252' title='bbox 835 2637 953 2696; x_wconf 76' lang='lat' dir='ltr'><strong>Labieni.</strong></span> 
     </span>
    </p>
   </div>
   <div class='ocr_carea' id='block_1_3' title="bbox 0 0 1036 2996">
    <p class='ocr_par' dir='ltr' id='par_1_8' title="bbox 0 0 1036 2996">
     <span class='ocr_line' id='line_1_35' title="bbox 0 0 1036 2996; baseline 0 0"><span class='ocrx_word' id='word_1_253' title='bbox 0 0 1036 2996; x_wconf 95' lang='lat' dir='ltr'><strong> </strong></span> 
     </span>
    </p>
   </div>
  </div>
 </body>
</html>
