2042 3004
186 149 235 206 iii
382 153 413 200 A.
433 153 564 198 HIRTII
581 151 631 198 DE
653 151 778 197 BELLO

185 253 308 314 Curionis
317 249 486 324 exempioab
495 250 613 323 equitatu
621 251 795 308 circumventi
803 253 981 326 opprimerer·

185 339 242 386 tur:
262 338 288 385 et
297 329 333 383 ita
341 327 488 383 Labienum
497 326 597 382 dixisse
608 342 658 398 pro
669 327 805 394 oonoione,
823 339 981 387 meismes

185 408 375 462 multitudinem
382 404 707 457 aooeiiioromadosreoriie
714 405 981 470 subministraturum,

101 523 106 538 .
184 490 215 536 ut
224 485 302 534 etiam
312 480 438 533 medendo
446 480 475 530 in
483 479 656 545 ipsooietorie
665 479 981 546 desotiputioinoerentor,

186 557 353 624 atqueaeuis
362 557 562 620 supernitentem
580 549 931 622 quippequisineiiiorum
941 556 982 609 fide

186 629 239 684 sibi
248 627 402 692 ooniideret;
420 625 548 697 primum,
563 623 635 697 quod
649 624 777 690 audierat,
794 627 900 684 Romae
911 630 982 703 legio

186 722 234 759 nes
243 709 377 758 veteranas
388 699 535 763 dissentire,
548 715 633 770 neque
644 699 672 753 in
683 697 802 755 Airioem
812 703 886 760 velie
894 705 982 760 trausi-

186 796 223 834 re:
244 775 347 840 deinde,
358 771 430 847 quod
439 773 551 830 triennio
560 774 588 829 in
597 772 683 829 Αἰτίαι
692 791 757 828 suos
765 775 873 833 milites
879 796 982 835 oonsue

186 852 277 908 tudine
287 857 398 904 retentos
408 845 554 904 fi'deiessibi
563 848 616 904 iam
625 847 759 914 effecisset,
767 852 896 908 maxima
905 863 980 909 eutem

187 923 400 984 auxiliehaberet
408 922 585 978 Numidarum
599 923 719 996 equitum
730 919 858 998 levisque
874 937 980 984 armatu

186 1017 240 1056 rae.
260 999 433 1052 Praetereaex
513 995 978 1070 proelioquePompeianoLebienus,

186 1090 254 1147 quos
267 1088 357 1127 secum
371 1089 386 1126 e
399 1071 471 1126 Brun
491 1072 539 1128 isio
553 1077 780 1144 transportaverat.
802 1078 913 1148 equites
928 1079 981 1133 Ger-

186 1164 279 1205 menos
288 1145 440 1220 Gallosque,
461 1146 552 1220 ibique
569 1154 658 1220 postea
676 1163 710 1203 ex
723 1147 842 1204 hibridis
858 1152 981 1209 libertinis

186 1223 323 1295 servisque
331 1222 527 1294 oonsoripseret‚
541 1228 685 1277 armaverat
694 1237 820 1294 equoque
831 1227 878 1281 uti
891 1227 982 1284 frenato

186 1298 367 1356 oondooueret.
387 1298 519 1352 Praeterea
528 1296 598 1370 regie
610 1296 718 1361 auxilie,
730 1296 872 1370 elephanti
883 1312 981 1358 eentum

186 1381 211 1430 et
221 1373 326 1448 viginti,
341 1372 526 1444 equitatusque
540 1371 756 1428 innumerabilis:
778 1372 892 1443 deinde,
910 1377 982 1452 legio

186 1467 234 1506 nes
243 1447 403 1521 conscriptae
412 1463 445 1502 ex
459 1445 660 1518 cuiusquemodi
674 1463 770 1520 genere
784 1450 912 1521 emplius
926 1453 982 1508 due
1000 1431 1002 1504 i

185 1525 281 1582 decim.
311 1524 365 1578 Heo
382 1539 430 1594 spe
443 1529 522 1594 atque
531 1538 561 1576 ee
574 1519 682 1576 eudeoiu
694 1519 883 1581 inflammatus
898 1528 982 1583 Labie-

186 1617 248 1665 nus,
267 1615 329 1654 oum
343 1597 477 1670 equitibus
490 1593 573 1652 Gallis
583 1595 872 1668 GermanisqueMDC‚
895 1602 982 1658 Numi

186 1675 282 1730 derum
300 1673 357 1728 eine
374 1671 455 1726 irenis
468 1677 524 1726 ooto
536 1669 665 1738 millibus,
685 1677 827 1743 praeterea,
851 1676 982 1734 Petreiano
999 1699 1000 1739 t

187 1745 420 1812 auxilioedhibito,
436 1746 570 1819 equitibus
580 1745 637 1809 Mc,
651 1745 770 1817 peditum
779 1763 812 1802 ao
821 1747 896 1806 levis
905 1769 982 1809 orme

186 1833 260 1880 turae
270 1829 362 1896 quater
375 1828 455 1887 tanto,
471 1820 612 1896 sagittariis
627 1827 657 1875 eo
666 1819 850 1878 funditoribus
865 1825 982 1900 hippoto
998 1853 999 1867 t

186 1899 309 1970 uotisque
318 1895 512 1969 compluribus;
533 1895 576 1951 his
586 1895 668 1966 oopiis
680 1895 767 1967 pridie
775 1897 849 1953 Non.
862 1901 925 1958 Ian.
934 1909 983 1976 post

186 1973 257 2030 diem
269 1972 382 2030 tertium.
398 1989 479 2043 quem
489 1969 602 2026 Africam
614 1968 714 2044 adtigit,
733 1969 762 2025 in
771 1974 881 2045 eampis
888 1977 983 2049 pienis-

187 2047 262 2104 simis
272 2045 475 2119 purissimisque
487 2046 521 2101 eb
533 2045 598 2102 hora
609 2044 661 2100 diei
670 2044 763 2117 quinte
777 2062 872 2119 usque
882 2051 919 2107 ed
929 2052 982 2108 selis

186 2137 308 2178 oocesum
317 2125 356 2174 est
367 2118 534 2176 deoertetum.
553 2121 584 2176 ln
593 2137 623 2176 eo
631 2117 728 2192 proelio
737 2119 860 2178 Petreius
873 2129 983 2200 graviter

187 2197 297 2253 ictusex
307 2193 363 2250 eoie
374 2195 489 2250 reoessit.
512 2203 516 2214 '

241 2270 305 2326 XX.
338 2267 432 2326 Caesar
453 2267 558 2324 interim
580 2276 663 2324 eostre
687 2268 793 2324 munire
815 2270 983 2350 diligentius,

186 2344 317 2420 praesidia
327 2343 431 2402 firmare
439 2342 582 2400 maioribus
591 2343 682 2415 eopiis‚
697 2341 858 2418 vallumque
868 2349 906 2406 eh
916 2351 984 2425 oppi-

188 2421 222 2477 do
230 2420 349 2492 Ruspina
357 2436 444 2492 usque
453 2419 487 2474 ed
496 2436 568 2474 mere
576 2418 702 2473 deduoere
711 2424 736 2472 et
745 2421 867 2478 eeestris
875 2426 984 2482 alterum

188 2495 288 2560 eodem,
303 2511 357 2567 quo
365 2494 448 2550 tutius
456 2493 526 2550 ultro
535 2493 652 2563 citroque
660 2507 816 2559 commeare,
830 2491 994 2574 annuaque*

187 2567 246 2622 sine
254 2568 371 2640 periculo
380 2567 432 2623 sibi
441 2582 591 2624 suoourrere
600 2575 718 2636 possent:
738 2565 993 2648 telatormentequei

187 2655 221 2696 ex
231 2641 344 2698 neribus
357 2642 386 2698 in
399 2650 482 2698 cestre
494 2647 667 2711 eomportere:
687 2640 821 2716 remigum
837 2656 947 2719 pafrem
956 2663 984 2706 ες

979 2905 990 2957 i
