2072 2998
302 153 370 199 LIB.
383 154 449 204 vm.
480 156 558 204 CAP.
572 158 613 204 st.
627 159 670 206 48.
822 153 872 207 229
887 153 892 166 ’

73 262 139 318 tera,
147 251 267 307 celeriter
275 249 434 327 feliciterque
442 255 560 312 confecit:
573 257 875 332 namqueomnesdqui-

73 330 162 383 taniae
173 328 292 382 civitates
303 327 398 401 legatos
412 330 446 384 ad
461 347 522 384 eum
538 332 665 389 miserunt
679 331 836 404 obsidesque
850 335 874 388 ei

72 403 216 458 dederuut.
237 401 340 468 Quibus
350 403 428 458 rebus
437 406 527 477 gestis,
536 406 591 478 ipse
599 423 660 460 cum
670 408 790 478 equitum
799 425 874 478 prae-

74 477 145 532 sidio
157 477 307 530 Narbonem
317 477 448 549 profectus
457 489 504 544 est,
517 482 658 535 exercitum
673 499 721 553 per
734 480 830 554 legatos
845 482 872 536 in

74 553 188 606 hiberna
198 551 321 606 deduxit:
342 561 454 623 quatuor
463 554 578 628 legiones
594 557 621 610 iu
637 555 725 642 belgio
739 555 875 611 collocavit

74 645 137 682 cum
148 627 185 681 bf.
198 626 311 680 Antonio
320 634 344 680 et
354 627 383 682 C.
395 628 522 684 Trebonio
531 637 556 684 et
568 632 597 684 Ρ.
607 631 712 686 Vatinio
726 638 750 685 et
764 629 796 698 Q.
810 629 874 685 Tui-

76 701 121 766 lio,
129 700 238 774 legatis:
259 700 326 755 duas
336 701 472 757 inAeducs
482 705 562 769 misit,
571 721 684 778 quorum
696 706 723 761 in
732 704 874 761 omniGal-

75 776 110 830 lia
123 791 260 830 summam
270 792 327 829 essa
338 777 514 833 auctoritatem
525 781 635 836 sciebat:
660 781 727 842 daras
744 781 771 836 in
790 782 874 835 Turo-

75 853 119 906 nis
132 850 168 904 ad
182 849 249 904 fines
267 850 413 906 Carnutum
430 855 527 924 posuit,
545 872 613 928 quae
623 873 730 911 omnem
739 856 873 930 regionem
920 875 925 882 ·

74 926 246 981 coniunctam
256 923 359 979 Oceano
372 929 545 986 continerent:
566 931 633 985 duas
648 931 763 1003 reliquas
783 932 810 985 in
824 931 874 984 Le·

75 1001 213 1055 movieum
223 998 293 1062 finis,
307 1017 357 1054 non
369 999 627 1075 fongeabArvernis,
640 1023 674 1061 ue
683 1024 735 1079 qua
745 1004 874 1078 parsGal·
899 1077 901 1082 Α

74 1075 126 1130 liae
137 1089 223 1130 vacua
237 1074 270 1127 ab
281 1076 395 1130 exercitu
407 1085 484 1132 esset.
509 1079 607 1135 Paucos
626 1080 682 1135 dies
698 1082 752 1153 ipse
766 1082 794 1137 in
812 1097 874 1153 pro-

74 1151 164 1206 vincia
174 1156 301 1213 moranus,
313 1166 397 1220 quum
407 1151 522 1207 celeriter
527 1171 618 1210 omues
627 1165 771 1210 conventus
780 1172 874 1228 percu-

74 1226 211 1288 currisset,
223 1223 343 1294 publicas
353 1229 541 1282 controversias
552 1231 726 1303 cognovisset,
741 1231 808 1286 bene
817 1247 873 1285 me-

74 1301 133 1354 ritis
148 1299 267 1371 praemia
280 1299 423 1368 tribuisset,
444 1301 624 1376 (cognoscendi
638 1305 709 1360 enim
728 1306 872 1360 maximam

74 1375 226 1429 facultatem
237 1373 357 1440 habebat,
370 1376 442 1447 quali
453 1378 568 1449 quisque
582 1379 671 1433 animo
685 1379 713 1434 in
728 1380 873 1451 rempubli-

74 1467 133 1504 cam
153 1448 247 1503 fuisset
265 1449 343 1503 totius
355 1450 454 1506 Galliae
468 1451 617 1518 defectione,
643 1469 725 1524 qnam
739 1455 874 1508 sustinue-

75 1533 116 1578 rat
126 1523 250 1578 fidelitate
259 1531 338 1596 atque
347 1525 455 1581 auxiliis
465 1527 613 1596 pmvinciae
623 1525 716 1598 illius,)
735 1526 778 1581 his
793 1529 872 1582 rebus

13 1591 19 1607 ’
74 1597 209 1662 confectis,
221 1597 255 1652 ad
266 1598 381 1672 legiones
391 1601 419 1655 in
428 1599 548 1674 belgium
558 1619 587 1657 se
598 1602 688 1674 recipit
700 1600 872 1675 hibernatque

72 1675 290 1729 Nemetocennae.

14 1757 22 1820 j
134 1747 238 1802 XLVII.
259 1747 298 1802 [bi
312 1749 454 1822 cognoscit,
474 1749 625 1806 Commium
635 1750 783 1806 Atrebatem
798 1767 872 1823 proe-

76 1821 115 1876 fio
123 1837 184 1876 cum
193 1823 311 1895 equitatu
320 1841 369 1878 suo
378 1825 551 1880 contendisse.
571 1827 637 1880 Nam
648 1843 733 1898 quum
743 1827 873 1881 Antonius

76 1899 105 1952 in
117 1897 226 1953 hiberna
236 1897 351 1953 venisset
359 1899 503 1970 civitasque
513 1901 664 1955 Atrebatum
676 1901 702 1955 m
715 1900 801 1957 officio
815 1919 873 1956 ma-

76 1979 164 2037 neret3
185 1971 333 2038 Commius,
345 1974 392 2046 qui
402 1983 461 2046 post
470 1973 543 2029 iilam
552 1975 770 2042 vulnerationem,
791 1993 872 2048 quam

76 2065 158 2120 supra
168 2049 382 2113 commemoravi,
398 2065 502 2120 semper
511 2049 544 2104 ad
556 2067 647 2105 omnes
661 2060 749 2106 motus
767 2060 873 2124 paratus

76 2122 249 2178 suiscivibus
259 2139 316 2177 esse
325 2131 483 2187 consuesset,
500 2141 533 2179 ne
546 2126 654 2181 consilia
669 2126 731 2181 belli
746 2143 875 2199 quaeren-

76 2199 149 2254 tibus
162 2205 257 2252 auctorv
266 2214 399 2252 armorum
413 2199 522 2270 duxque
534 2199 644 2265 deesset,
660 2210 765 2272 parente
778 2203 874 2257 Roma·

76 2275 119 2328 nis
128 2272 244 2335 civitate,
264 2289 326 2326 cum
338 2274 394 2326 suis
408 2273 541 2344 equitibus
556 2291 584 2329 se
598 2293 713 2347 suosque
733 2275 874 2330 latrociniis

76 2347 176 2412 aiebat,
201 2343 356 2418 infestisque
378 2347 515 2402 itineribus
536 2358 696 2404 commeatus
714 2349 872 2422 complures,

76 2420 381 2494 qui'comportabantur
397 2423 426 2478 in
448 2422 557 2479 hiberna
579 2425 770 2490 Romanorum,
795 2423 874 2478 intes

76 2499 100 2553 oi
120 2498 200 2552 iebat.

100 2517 119 2571 p
132 2570 252 2630 XLVIII.
272 2569 335 2624 Erat
351 2569 499 2626 adtributus
513 2570 626 2626 Antonio
639 2567 781 2641 praefectus
799 2572 875 2643 equi-

65 2657 146 2715 tum,
169 2645 200 2702 C.
217 2643 366 2700 Volusenus
381 2645 538 2713 Quadratus,
559 2646 607 2719 qui
622 2662 683 2702 oum
698 2643 727 2700 ec
739 2645 874 2702 hiemaret.
