2064 2996
191 139 223 192 16
394 143 445 190 DE
467 142 591 190 fluuio
612 142 777 189 GALLICO

191 241 439 314 impedimentisque
448 241 565 312 direptis,
581 239 711 306 futurum,
726 248 756 296 ut
770 237 887 311 reliquae
900 249 994 306 uonna

190 317 332 372 consistere
342 333 395 371 non
406 315 540 371 auderent.
560 315 709 370 Adiuvabat
724 315 803 369 etiam
816 331 911 370 eorum
926 333 993 372 eon-

191 391 292 456 silium,
314 391 361 463 qui
380 408 436 444 rem
450 389 608 455 deferebant,
628 389 700 461 quod
718 389 808 443 Nervii
827 389 989 461 antiquitus,

190 483 276 538 quum
289 465 407 536 equitatu
417 463 484 518 nihil
493 471 608 534 possent,
625 462 800 536 (nequeenim
810 462 844 516 ad
857 463 910 517 hoc
922 471 992 519 tem-

190 557 241 611 pus
251 540 276 594 ei
286 540 323 593 rei
332 538 446 602 student,
463 538 519 603 sed,
536 537 668 610 quidquid
680 544 801 608 possunt,
820 537 990 607 pedestribus

191 614 278 670 valent
294 610 396 684 copiis,)
414 629 468 683 quo
481 611 583 668 facilius
600 612 772 666 finitimorum
786 611 945 682 equitatum,
966 615 991 668 si

192 686 334 758 praedandi
347 703 439 740 caussa
454 686 488 740 ad
501 703 545 740 eos
559 685 682 750 venisset,
706 685 871 756 impedirent,
892 689 990 743 teneris

191 761 330 816 arboribus
340 760 430 814 incisis
440 767 518 831 atque
532 760 644 825 inflexis,
665 759 763 814 crebris
778 760 806 814 in
822 758 989 817 latitudinem

191 834 272 888 ramis
283 841 308 888 et
317 834 392 888 rubis
401 835 573 905 sentibusque
586 833 724 888 interiectis
738 833 882 900 effecerant,
904 842 936 890 ut
949 836 989 890 in-

191 915 245 963 star
258 907 328 962 muri
342 907 391 962 hae
405 925 479 978 sepes
493 908 657 962 munimenta
672 907 838 978 praeberent;
859 927 916 981 quo
937 928 988 965 non

192 982 379 1046 modointrarI,
396 982 485 1036 sedne
493 983 606 1053 perspici
617 981 725 1053 quidem
734 989 830 1053 posset.
849 983 898 1036 llis
908 985 987 1039 rebus

191 1073 278 1127 quum
286 1055 334 1108 iter
342 1055 457 1128 agminis
467 1055 548 1110 nostri
559 1055 737 1126 impediretur,
750 1073 802 1110 non
811 1055 988 1114 omittendum

192 1130 244 1185 sibi
255 1127 396 1184 consilium
405 1129 493 1184 Nervii
504 1130 716 1184 aestimaverunt.

247 1204 342 1259 XVIII.
361 1203 423 1257 Loci
436 1209 529 1258 natura
543 1210 598 1258 erat
610 1202 683 1268 haec,
703 1221 784 1276 quem
803 1201 892 1259 locum
907 1209 989 1262 nostri

192 1278 284 1332 eastris
299 1276 455 1350 delegerant.
476 1276 566 1341 Collis,
587 1276 621 1341 ab
634 1295 740 1332 summo
753 1276 896 1350 aequaliter
910 1280 989 1336 decli-

194 1352 243 1417 vis,
259 1351 293 1406 ad
302 1350 400 1405 flumen
409 1350 510 1416 Sabim,
526 1351 598 1423 quod
611 1368 691 1422 supra
706 1353 915 1420 nomiuavimus,
931 1373 990 1411 ver-
1006 1361 1008 1366 '

191 1426 276 1500 gebat.
296 1425 337 1480 Ab
347 1442 377 1482 eo
387 1424 560 1498 lluminepari
570 1425 717 1481 adclivitate
730 1425 804 1480 collis
820 1429 987 1494 nascebatur,

192 1501 320 1556 adversus
335 1500 398 1555 huic
411 1508 436 1555 et
449 1501 603 1566 contrarius,
624 1517 719 1572 passus
732 1500 833 1556 circiter
850 1500 989 1569 ducentos,

193 1571 285 1632 intima
294 1583 409 1647 apertus,
424 1575 458 1630 eb
467 1577 600 1648 superiore
609 1582 681 1647 parte
690 1573 827 1640 silvestris,
844 1583 876 1630 ut
887 1593 943 1632 uon
953 1577 990 1632 la-

192 1651 241 1706 cile
250 1651 379 1706 introrsus
389 1651 500 1721 perspici
510 1658 607 1720 posset.
627 1651 697 1703 Intra
706 1665 750 1702 eas
763 1647 844 1702 silvas
858 1649 949 1706 hostes
963 1653 988 1705 in

151 1759 154 1766 «
191 1724 291 1779 occulto
301 1742 358 1778 sese
367 1723 546 1779 continebant:
568 1723 595 1777 iu
606 1730 693 1794 operto
708 1721 763 1776 loco
776 1723 927 1780 secundum
941 1725 989 1780 llu-
1021 1689 1022 1784 i

193 1815 252 1852 men
271 1815 368 1867 paucae
385 1798 508 1851 stationes
527 1798 647 1868 equitum
665 1795 830 1852 videbantur.
854 1797 988 1855 Fluminis

191 1879 245 1926 eret
254 1870 364 1925 altitudo
373 1871 474 1924 circiter
482 1870 580 1941 pedum
589 1871 681 1926 trium.

246 1944 322 1997 XIX.
343 1944 446 2010 Caesar,
466 1945 584 2015 equitatu
601 1943 754 2015 praemisso,
777 1943 988 2016 subsequebatur

191 2017 317 2072 omnibus
327 2016 422 2087 copiis:
441 2017 487 2072 sed
496 2019 562 2072 ratio
570 2018 687 2090 ordoque
696 2018 811 2091 agminis
821 2017 989 2076 aliterseba·
1019 2073 1020 2083 ,

192 2091 278 2156 bebat,
293 2107 323 2144 ae
331 2089 424 2163 belgae
432 2091 466 2146 ad
474 2092 584 2147 Nervios
596 2092 751 2147 detulerant.
776 2094 845 2147 Nam
864 2096 939 2166 quod
957 2095 988 2150 ad

192 2165 275 2220 hostis
286 2163 521 2236 adpropinquabat,
532 2167 721 2221 consuetudine
729 2182 777 2220 sua
788 2166 883 2222 Caesar
891 2187 941 2226 sex
954 2169 988 2224 le
1018 2139 1019 2234 i

191 2239 284 2314 giones
293 2237 426 2309 expeditas
435 2239 558 2295 ducebat:
580 2241 921 2311 posteastotiusexercitus
940 2245 989 2299 im-

193 2314 341 2386 pedimenta
350 2311 494 2368 collocarat:
511 2314 572 2369 iude
580 2314 649 2368 duae
657 2313 781 2387 legiones,
792 2331 861 2386 quae
869 2319 989 2388 proxime

192 2388 352 2459 conscriptae
361 2395 442 2454 eraut,
462 2395 548 2442 totum
557 2405 651 2460 agmen
666 2387 831 2454 claudebant,
846 2393 990 2461 praesidio-

192 2480 246 2535 que
254 2462 449 2534 impedimentis
462 2469 543 2517 erant
562 2462 672 2533 Equites
685 2463 777 2524 nostri,
797 2479 860 2518 erm
873 2464 989 2522 fundite

192 2537 269 2591 ribus
287 2537 482 2611 sagittariisque
494 2536 592 2592 llumen
609 2536 775 2609 transgressi,
796 2553 861 2592 cunr
873 2539 989 2595 hostium

193 2612 311 2685 equitatu
324 2610 455 2685 proelium
468 2612 666 2668 commiserunt.
686 2609 775 2678 Quum
790 2627 819 2666 se
831 2609 871 2670 illi
887 2615 990 2674 idemti-
1015 2663 1016 2681 ,
