2064 2996
186 129 218 182 50
338 171 342 178 .
391 132 442 178 DE
464 130 587 178 BELLO
608 130 774 177 Gannico

185 233 309 288 dextrum
327 247 409 285 cornu
420 227 560 302 proiectus,
579 228 629 284 uhi
643 245 706 284 suos
723 229 822 303 urgeri,
843 229 991 304 signisque

186 307 214 362 in
228 322 314 360 unum
328 303 415 359 locum
431 302 531 358 collatis
544 301 714 358 duodecimae
728 301 839 377 legionis
853 303 990 361 confertos

185 379 283 436 milites
292 378 344 434 sibi
354 378 425 450 ipsos
436 377 595 450 adpugnam
609 394 666 431 csse
679 377 880 448 impedimento;
903 395 991 451 quar-

185 463 227 510 tae
235 453 347 509 cohortis
357 451 482 508 omnihus
490 450 688 506 centurionibus
697 452 789 506 occisis
803 450 991 526 signiferoque

185 527 328 592 interiecto,
344 527 421 598 signo
430 525 537 590 amisso,
558 524 720 596 reliquarum
733 525 882 582 cohortium
895 529 990 582 omni-

185 603 238 658 hus
246 601 299 657 iere
307 599 504 655 centurionibus
513 604 558 653 aut
567 598 711 654 vulneratis
729 608 774 654 aut
782 599 884 665 occisis,
902 599 931 656 in
942 601 989 657 his

185 673 335 749 primcpilc,
346 673 374 727 P.
385 672 472 730 Sextio
479 671 582 738 Baculo,
594 671 735 728 fortissimo
744 674 810 740 viro,
822 672 916 728 multis
923 693 990 748 gra-

185 751 319 820 vibusque
345 745 500 802 vulneribus
519 745 649 808 coniecto,
671 753 701 800 ut
725 747 777 801 iam
800 764 829 802 se
852 749 989 805 sustinere

186 839 238 877 non
249 827 345 894 posset,
358 819 473 892 reliquos
482 838 539 876 esse
548 819 685 889 tardiores3
706 827 731 876 et
740 819 882 876 nonnullos
892 822 927 876 ah
936 841 988 878 no-

188 895 306 952 vissimis
315 893 430 948 desertos
440 894 538 968 proelio
547 893 678 959 excedere,
690 895 778 948 actele
787 895 882 960 vitare,
900 896 988 952 hostis

186 965 390 1040 nequeaironte
399 985 432 1022 ex
446 967 567 1022 inferiore
579 967 635 1022 lcoc
644 967 787 1024 subeuntes
801 969 984 1037 intermittere,
1023 1021 1024 1040 ,

186 1051 212 1099 et
221 1043 376 1114 abutroque
385 1040 463 1098 latere
472 1041 581 1109 instare3
602 1047 628 1096 et
640 1059 696 1096 rem
710 1057 767 1096 esse
777 1043 804 1096 in
814 1051 929 1116 angusto
943 1047 988 1101 vi·
1023 1043 1024 1120 l

186 1117 234 1182 dit,
246 1133 333 1188 neque
342 1114 428 1170 ullum
438 1131 495 1169 esse
504 1113 744 1186 subsidium,qucd
754 1115 874 1170 submitti
884 1127 985 1188 posset:
1023 1165 1024 1182 ,

186 1198 260 1246 scuto
270 1189 303 1245 ab
313 1188 466 1244 novissimis
475 1188 523 1242 uni
534 1186 611 1242 militi
620 1188 741 1254 detracto,
748 1190 820 1261 quod
830 1191 988 1260 ipseecsine

187 1272 261 1319 scuto
270 1269 384 1328 venerat,
407 1262 435 1318 in
448 1262 562 1334 primam
572 1261 653 1316 aciem
667 1265 801 1332 processit,
822 1266 987 1322 centurioni-

187 1339 292 1410 busque
302 1337 457 1412 nominatim
467 1335 612 1407 adpellatis,
629 1335 744 1408 reliquos
754 1337 902 1394 cohortatus
912 1341 987 1395 mili-

187 1419 235 1477 tes,
244 1411 320 1486 signa
330 1410 424 1467 inferre
433 1418 458 1466 et
468 1409 617 1482 manipulos
627 1408 715 1465 laxare
724 1411 871 1484 iussitque
880 1411 986 1470 facilius

187 1486 284 1560 gladiis
294 1487 333 1540 uti
343 1492 458 1558 possent.
479 1484 563 1543 Cuius
575 1484 689 1540 adventu
703 1501 750 1557 spe
768 1485 839 1540 illata
852 1485 986 1544 militibus
1023 1519 1024 1528 κ

188 1577 218 1616 ao
230 1561 403 1636 redintegrato
416 1561 513 1625 animo,
533 1575 619 1631 quum
630 1575 678 1630 pro
691 1577 719 1613 ee
733 1559 857 1631 quisque,
878 1561 908 1615 in
922 1579 987 1618 con-

187 1643 278 1706 spectu
292 1635 456 1706 imperatoris
470 1635 548 1689 etiarn
563 1633 591 1688 in
605 1633 729 1688 extremis
744 1633 801 1688 suis
816 1634 906 1702 rebus,
923 1654 987 1707 cpe-

186 1726 244 1764 ram
254 1723 349 1763 navare
358 1715 491 1780 cuperent,
509 1707 628 1778 paullum
638 1707 755 1762 hostium
769 1707 884 1780 impetus
897 1711 988 1767 tarda-

188 1792 231 1836 tus
239 1788 288 1836 est.

242 1853 338 1910 XXVI.
344 1854 447 1918 Caesar,
455 1869 540 1926 quum
546 1854 905 1930 septimemlegicnsm,quae
911 1857 988 1915 iuxta

187 1928 343 1991 constiterat,
359 1928 423 1980 item
436 1927 525 2000 urgeri
538 1927 572 1982 ah
585 1929 660 1984 hoste
669 1929 785 1994 vidisset,
802 1931 925 1988 tribunos
935 1935 988 1989 mi-

187 1999 265 2057 liturn
275 1999 387 2064 monuit,
407 2007 438 2054 ut
447 2000 584 2072 paullatim
595 2017 655 2058 sese
667 2003 782 2078 legiones
795 2005 989 2082 coniungerent

110 2143 111 2146 Ἰ
158 2127 161 2134 ,
187 2081 213 2128 et
222 2089 349 2128 conversa
358 2073 434 2160 signa
443 2075 472 2130 in
484 2075 572 2130 hostes
585 2077 716 2133 inferrent.
737 2077 794 2145 Quo
806 2076 883 2146 factm
899 2099 988 2156 Qum

188 2147 256 2202 alins
266 2147 311 2202 alil
321 2147 472 2203 subsidium
482 2149 587 2216 ferrent,
604 2169 690 2224 neque
699 2153 829 2221 timerent,
850 2173 887 2210 ne
900 2157 988 2214 aversi

188 2223 222 2278 ab
231 2221 305 2277 hoste
315 2221 575 2289 circumvenirentur,
586 2225 713 2282 ¹audacius
723 2227 843 2282 resistere
852 2247 883 2284 ac
892 2229 988 2288 lortius

188 2313 307 2372 pugnare
316 2303 464 2368 ccepenrnt.
485 2298 593 2353 interim
607 2299 704 2355 milites
713 2301 849 2374 legionum
858 2303 987 2372 duarum,

188 2371 295 2446 quaein
304 2371 451 2427 novissimo
460 2373 565 2446 agmine
574 2374 705 2444 praesidio
719 2375 919 2448 impedimentis
933 2380 990 2436 lue-
1023 2439 1024 2444 ,

188 2453 255 2511 rant,
275 2445 376 2520 proelio
385 2447 516 2512 nunciato,
537 2448 741 2514 cursuincitato,
762 2451 791 2506 in
804 2455 991 2510 summocolle

189 2519 224 2574 ab
242 2520 364 2576 hostibus
382 2521 616 2594 conspiciebantur.
639 2523 673 2577 lit
685 2525 716 2578 T.
730 2523 873 2592 Labienus,
896 2531 991 2584 castris

190 2592 307 2652 hostium
317 2598 415 2672 potitus
425 2606 450 2654 ct
459 2615 492 2654 ex
502 2597 557 2654 loco
566 2597 709 2672 superiore,
720 2615 840 2672 quaeres
850 2599 880 2657 in
891 2604 992 2660 nostris
