2078 2996
305 146 377 191 LIB.
391 144 437 192 ΠΙ.
468 145 654 192 CAP.1't.18.
825 143 875 198 325

78 251 196 318 eopnitie,
215 249 384 304 missurusne
393 245 538 314 Pompeium
550 248 710 314 otqoeittum
719 251 877 317 reliquoper

7 343 8 356 ¹
78 331 244 386 ceocturum,
266 323 428 376 hortantibus
442 323 520 388 ipsis:
540 325 640 376 intereo
653 332 786 376 monerent
799 327 877 378 troo-

79 402 145 462 cioe,
156 401 218 452 dune
226 399 260 450 ob
270 398 315 450 illo
323 399 407 450 rediri
413 403 499 462 posset
502 414 513 464 ,·
532 412 594 450 nece
603 398 757 452 alteralteri
766 407 875 454 noceret.

78 473 137 557 Huc
154 469 228 528 addit
245 486 330 542 pauca
346 468 380 526 de
397 485 491 526 caussa
513 475 539 524 et
560 467 593 524 de
614 469 697 542 copiis
716 470 877 542 auxiliisque

79 563 219 676 sulem.
251 617 354 686 Quibus
372 618 452 674 rebus
470 635 558 690 neque
582 625 640 674 tum
663 617 877 690 respondendum

80 695 177 752 Cesset
186 693 355 758 existimavit,
371 710 547 766 nequenuuo,
571 700 602 750 ut
614 693 877 766 memoriaeprodan-

6 807 9 862 3
80 778 135 834 tur,
146 769 210 860 setis
218 775 470 859 neusseeuputamus.
489 767 641 860 liostulebet
650 767 754 860 Caesar,
765 778 795 824 ut
805 772 877 838 tepo-

6 885 8 936 ἰ
81 845 878 921 torethiodPompemmernepereentomrttereleceret;ithoe

6 979 7 990 χ
80 924 134 988 ipei
145 925 201 990 sore
212 924 363 988 reciperent,
378 927 425 974 out
437 929 554 987 acceptos
569 936 617 987 per
629 936 657 974 ee
668 923 704 974 od
714 937 771 972 enm
776 922 877 988 perdu-

5 997 7 1068 ζ
80 1003 177 1052 cerem.
197 1033 199 1042 κ
218 993 291 1062 Quod
305 997 340 1050 od
352 997 472 1050 trucetas
483 997 637 1062 pertineret,
656 998 695 1050 cic
714 997 775 1049 belii
792 997 877 1048 ratio-

5 1135 6 1144 *
78 1087 138 1124 nem
152 1087 204 1126 esse
217 1073 336 1132 divisam,
359 1077 388 1124 nt
406 1071 448 1124 itii
467 1071 548 1124 elcese
563 1084 642 1124 nones
660 1071 878 1138 accrescentem

80 1148 241 1214 impedirent,
252 1148 306 1212 ipse
321 1151 349 1196 ut
358 1159 430 1212 oqteo
442 1151 562 1212 tetroque
571 1159 614 1198 cor
619 1145 777 1210 prohiberet:
795 1147 821 1198 ei
830 1145 877 1198 hoo

79 1223 131 1276 sibi
146 1223 243 1274 remitti
251 1220 357 1280 uellent,
370 1219 528 1270 remitterent
538 1221 589 1284 ipsi
602 1219 634 1272 de
642 1219 782 1273 maritimis
792 1227 878 1272 eneto-

80 1298 146 1360 diis,
165 1297 190 1350 si
211 1295 277 1348 illoti
288 1299 409 1354 tenerent,
423 1308 450 1344 se
461 1307 559 1359 qnoque
568 1294 596 1347 id
604 1299 777 1355 retenturum:
796 1295 879 1346 nihilo

81 1373 167 1424 minus
186 1377 271 1426 tomen
292 1370 337 1433 opt
351 1381 427 1434 poree
444 1369 477 1420 tie
497 1370 686 1432 compositione,
704 1373 735 1420 ut
747 1369 809 1420 hoec
826 1383 878 1420 non

80 1447 287 1508 remitterentor;
306 1456 387 1507 noque
400 1441 467 1494 hone
484 1455 539 1493 rem
554 1455 607 1493 esee
621 1442 793 1507 impedimenti
812 1442 877 1494 ioco.

81 1516 124 1572 llli
139 1532 226 1588 neque
241 1511 339 1588 legatos
349 1511 468 1570 Caesaris
486 1511 608 1584 recipere,
632 1528 719 1584 neque
729 1511 879 1583 periculum

81 1597 214 1664 praestare
222 1605 326 1652 eurum,
339 1585 386 1642 sed
395 1593 476 1644 totam
485 1604 541 1644 rem
551 1586 584 1642 ed
593 1585 747 1658 Pompeium
759 1585 877 1642 relicere:

82 1681 170 1720 unum
178 1663 277 1718 instare
288 1660 321 1716 de
335 1660 458 1727 induciis,
477 1661 761 1732 vehementissimeque
773 1667 879 1716 conten·

82 1740 156 1794 dere.
184 1735 256 1804 Quos
278 1736 326 1792 ubi
345 1735 439 1794 Caesar
457 1735 586 1793 intellexit
602 1735 748 1810 praesentis
769 1735 880 1807 periculi

82 1821 163 1886 etque
172 1811 276 1884 inopiae
288 1809 409 1869 evitandae
420 1827 514 1868 caussa
525 1829 631 1868 omnem
649 1810 792 1874 orationem
802 1810 879 1866 insti-

83 1887 176 1950 tuisse,
185 1883 360 1960 nequeullum
369 1902 443 1958 spem
454 1893 499 1944 eut
508 1885 759 1961 conditionemptois
768 1883 877 1956 edlerre;

82 1963 117 2022 nd
126 1960 258 2034 reliquum
271 1960 452 2034 cogitationem
465 1959 527 2019 belli
536 1978 593 2018 sese
602 1960 705 2034 recepit

136 2037 233 2096 xvtu.
260 2033 387 2102 Bibulus,
407 2035 580 2094 multosdies
602 2044 671 2094 terre
688 2034 836 2108 prohibitus
854 2043 881 2094 et

82 2113 203 2186 gmvicre
215 2112 307 2171 morbo
320 2129 354 2168 en
368 2110 465 2186 frigore
477 2129 507 2169 eo
520 2110 608 2169 labore
617 2111 770 2184 implicitus,
792 2129 880 2184 quum

85 2205 104 2242 n
178 2188 264 2247 meni
273 2193 369 2260 posset,
379 2204 466 2260 neque
475 2194 627 2260 susceptum
636 2185 753 2244 officium
761 2186 881 2244 deserere

84 2277 119 2318 ue
139 2268 172 2327 et,
187 2261 243 2318 vim
252 2261 338 2322 morbi
350 2261 480 2320 sustinere
493 2279 546 2325 uon
557 2263 651 2334 potuit.
670 2261 710 2318 Eo
719 2268 830 2325 mortuo,
846 2259 881 2314 ed

85 2335 220 2392 neminem
233 2352 319 2394 uuum
332 2354 438 2395 summe
453 2335 556 2408 imperii
574 2336 654 2405 redit;
675 2335 722 2392 sed
740 2333 881 2407 seperatim

85 2426 165 2466 suum
177 2407 292 2482 quisque
300 2409 410 2469 messem
423 2410 457 2466 ud
466 2411 605 2468 arbitrium
620 2427 701 2466 suum
712 2408 882 2464 administru-

72 2487 141 2542 .but.
165 2482 310 2550 Vibullius,
326 2485 417 2542 sedato
429 2485 556 2552 tumultu,
572 2503 653 2558 quem
668 2484 820 2556 repentinus
834 2481 882 2538 ed·

86 2557 310 2618 vennesCaesoris
319 2560 500 2626 concitaverat,
521 2559 569 2616 ubi
581 2559 709 2631 primum,
730 2556 883 2615 rursueed·

86 2633 172 2692 hibin
185 2633 286 2692 Libone
301 2644 327 2689 et
340 2634 372 2690 L.
382 2635 493 2693 Lucceio
503 2643 529 2696 et
541 2633 708 2707 Theophane,
720 2632 882 2706 quibuscum
