2042 3004
186 100 243 204 aar·
415 153 465 200 os
482 153 614 208 osseo·
626 151 747 202 crum

185 251 409 312 etmiooresdues
423 253 588 326 ioengustiis
601 254 784 324 pormseepit3
806 254 980 327 itemqueper
1000 263 1001 268 ’

185 331 286 404 equites
301 328 440 400 dispositos
453 345 522 399 aque
536 327 673 399 prohibere
686 327 841 384 classiarios
855 330 978 385 instituit.

186 405 237 462 Sed
246 402 359 468 Laelius,
380 410 495 473 tompore
507 403 570 456 soni
583 402 760 469 commodiore
773 419 845 458 usus
858 405 897 459 ad
913 407 979 459 nave

185 479 318 554 gaudum,
344 477 469 532 onerariis
491 471 604 531 nsvibus
623 477 737 550 Corcyra
761 478 979 563 Dyrrhachioque

187 571 283 627 squam
298 553 353 608 suis
363 550 539 622 supportabat,
561 567 647 622 neque
659 569 673 606 a
687 560 822 624 proposito
834 552 979 610 deterreba-
1001 605 1002 622 ,

187 638 239 692 tur,
246 645 340 700 neque
346 633 405 681 ante
413 623 541 697 proelium
549 624 717 682 iuThessolis
726 625 827 680 laetum
833 629 978 702 cognitam,

187 711 233 759 sut
246 701 389 778 ignominia
402 699 558 754 emissarum
572 700 691 764 nauium,
709 708 757 754 aut
771 703 978 758 necessariarum

159 774 162 789 '
187 793 276 834 rerum
286 776 382 846 inopia,
394 791 427 828 ex
436 783 513 844 portu
522 773 661 846 insulaque
671 773 765 845 expelli
776 777 877 846 potuit.

102 851 110 870 ‘
242 849 283 906 Cl
318 847 414 903 lisdem
432 845 485 902 lere
501 849 663 920 temporibus
681 849 788 904 Cassius
814 867 883 906 curn
903 851 980 906 classe

188 926 314 999 Syrorum
332 929 358 976 et
375 921 534 976 Phoenicum
554 931 579 977 et
597 921 708 978 Cilicum
721 924 750 978 in
763 923 888 980 Siciliam
905 927 978 982 venit

188 1001 230 1061 Et,
248 1013 332 1069 quum
342 993 538 1051 esset'Caesaris
548 997 642 1052 classis
654 997 741 1053 divisa
755 997 784 1052 in
800 997 873 1054 duas
886 1009 978 1072 portes,

188 1081 214 1129 et
223 1069 347 1126 dimidiae
357 1071 563 1143 perti'prseesset
575 1072 604 1127 P.
615 1071 748 1143 Sulpicius
761 1081 868 1144 praetor
883 1075 981 1132 Vibone

189 1147 222 1203 ad
231 1144 466 1210 fretumdimidiae
475 1147 511 1202 M.
523 1147 682 1218 Pomponius
688 1146 720 1201 ad
731 1147 898 1205 Messanam:
911 1151 981 1221 prius

189 1219 296 1278 Cassius
310 1219 345 1275 ad
357 1221 504 1276 Messanam
518 1221 631 1276 nauibus
645 1220 785 1286 advolavit,
805 1239 893 1294 quam
908 1226 981 1279 Pom-

189 1293 285 1370 ponius
303 1295 405 1350 deeius
420 1294 534 1350 adventu
545 1303 724 1368 cognosceret;
744 1297 981 1371 perturbatumque

87 1377 90 1386 ’
189 1389 251 1428 eum
267 1379 368 1436 nactus,
389 1369 471 1426 nullis
480 1369 617 1432 custodiis,
640 1387 725 1442 neque
736 1371 880 1427 ordinibus
898 1376 980 1436 certis,

190 1451 373 1521 magno'vento
382 1452 406 1500 et
416 1444 530 1500 secundo
538 1443 678 1516 oorupletas
687 1447 819 1500 onerarias
833 1463 921 1503 naues
935 1457 982 1503 tae·

190 1523 224 1577 da
232 1529 259 1577 et
270 1522 327 1594 piee
339 1527 448 1592 etstupa
461 1519 623 1592 reliquisque
632 1519 720 1580 rebus,
738 1535 810 1592 quae
823 1524 935 1579 suntad
947 1525 982 1578 iu-

190 1596 291 1662 oendis,
303 1597 331 1651 in
340 1595 545 1668 Pomponianam
554 1593 664 1650 classem
673 1594 784 1651 immisit
796 1603 881 1667 etque
894 1615 983 1653 ornnes

160 1697 173 1708 -
192 1686 275 1728 neves
289 1669 405 1726 incendit
422 1669 542 1742 quinque
559 1677 584 1723 et
601 1667 723 1742 triginta:
754 1685 770 1724 e
791 1671 897 1741 quibus
914 1680 983 1727 eraut

191 1745 286 1819 viginti
294 1753 451 1800 cesaraeae:
461 1751 601 1816 tantusque
612 1760 642 1798 eo
652 1742 717 1798 lucto
725 1743 806 1799 timor
815 1741 937 1813 incessit,
948 1755 981 1810 ut,

167 1815 170 1822 “
192 1837 276 1892 quum
286 1827 354 1874 esset
366 1817 434 1892 legio
443 1817 572 1890 pracsidio
581 1819 722 1883 Messanae,
734 1819 781 1874 v'nt
795 1821 929 1892 oppidum
944 1822 983 1876 de

95 1933 98 1942 ·
191 1894 351 1949 funderetur:
371 1901 405 1957 et,
418 1893 469 1948 nisi
483 1910 513 1948 eo
529 1894 586 1965 ipso
598 1901 713 1965 tempore
725 1891 836 1965 quidam
848 1898 944 1952 nuncii
957 1896 984 1949 de

192 1968 310 2024 Caesaris
324 1967 430 2021 viderie
447 1985 495 2039 per
509 1967 649 2039 dispositos
668 1969 769 2042 equites
786 1977 876 2024 essent
896 1971 982 2034 adlati,

192 2041 378 2096 existimabant
388 2040 515 2114 plerique,
531 2041 650 2098 lutumm
660 2041 750 2109 luisse,
761 2042 800 2098 uu
811 2041 983 2102 adulteretur.

193 2115 244 2172 Sed
257 2114 478 2188 opportunissime
490 2115 595 2171 nunciis
607 2116 711 2183 adlatis,
732 2117 861 2190 oppidum
876 2119 930 2176 fuit
943 2121 986 2176 de·

192 2189 307 2255 sensum,
323 2188 482 2261 Cassiusque
494 2189 529 2247 ed
537 2189 715 2262 Sulpicianum
730 2192 790 2247 iude
803 2191 920 2250 classem
929 2211 986 2268 pro·

193 2265 276 2322 tecue
293 2272 333 2320 est
349 2263 488 2328 Vibonem,
513 2263 702 2338 adplicatisque
719 2267 814 2323 uostris
832 2267 868 2322 ed
892 2277 986 2326 unum

195 2340 318 2405 navibus,
340 2346 444 2411 propter
460 2339 583 2394 eumdem
604 2341 724 2396 timorem
742 2341 799 2413 pari
818 2350 901 2414 atque
914 2353 986 2400 anter

194 2415 293 2471 ratione
302 2415 361 2489 egit
381 2413 530 2469 Secundum
540 2423 631 2469 nactus
640 2419 899 2480 venurm,onersries
909 2435 986 2474 neves

195 2491 296 2545 circiter
304 2487 485 2562 quadraginta,
501 2497 664 2560 praeparetes
674 2488 708 2544 sd
719 2489 881 2556 incendium,
899 2493 987 2546 immi-

144 2621 151 2638 ·
196 2563 232 2616 sit
244 2569 278 2628 et,
298 2561 404 2618 flamma
418 2563 452 2618 ob
465 2571 577 2635 utroque
590 2579 672 2616 cornu
684 2561 886 2633 comprehensa,
908 2583 987 2620 umes

197 2637 559 2710 euntoombustsequiuque,
577 2635 797 2710 Quumqueignis
805 2639 988 2734 magnitudine
