2044 2992
172 177 175 184 ’
217 141 430 226 'anarchum
460 179 651 225 cansam.
781 161 825 228 ist

89 277 202 334 LXXX.
223 279 285 332 Erat
306 288 429 352 stagnum
449 278 603 342 salinarum,
624 279 693 332 'inter
714 280 786 351 quod
805 289 830 335 ot

25 371 107 410 mare
116 355 252 426 angustiae
259 353 388 425 quaedam
400 370 451 408 noa
462 353 576 424 amplius
583 351 656 407 mille
665 359 689 407 et
698 354 830 426 quingen-

25 441 72 486 tos
83 445 179 500 passus
191 429 343 496 intererant3
365 445 432 500 quas
442 427 528 500 Scipio
544 427 640 481 intrare
653 435 678 482 et
693 429 830 498 Thapsita-

25 512 75 562 nis
89 501 454 558 auxiliumierreeonabatur:
475 501 546 575 quod
559 501 678 556 futurum
694 503 830 558 Caesarem

24 597 87 637 non
97 576 229 632 fefellerat.
243 578 362 649 Namque
371 577 455 650 pridie
465 578 491 632 in
503 593 533 633 eo
543 576 827 644 locooastellomunito,

22 656 128 724 ibique
136 651 205 706 trino
217 652 346 721 praesidio
359 652 455 717 relicto,
479 653 536 724 ipss
549 669 610 707 cum
624 652 734 723 reliquis
748 652 830 724 copiis

24 725 234 786 lunatisoastris
248 725 382 798 Thapsum
396 727 519 799 operibus
532 726 753 782 circummuuivit.
774 727 830 782 Sci·

24 804 79 877 pio
89 799 203 865 interim,
211 800 333 855 exclusus
343 801 377 856 ab
386 801 487 874 incepto
496 803 595 866 itinere,
602 817 682 874 supra
693 809 827 874 stagnum,

23 883 139 953 postero
148 873 306 930 dieetnoote
315 875 437 940 coniecto,
454 877 524 932 ooelo
534 876 645 942 albente,
662 891 715 930 non
729 877 830 950 longea

24 949 128 1010 castris
138 949 327 1022 praesidioque,
334 951 406 1022 quod
414 969 494 1024 supra
501 952 774 1017 commemoravimus,
782 951 829 1007 blC

23 1025 169 1104 passibus,
183 1024 216 1080 ad
225 1042 297 1080 mars
306 1043 399 1080 versus
409 1026 525 1080 consedit
533 1033 558 1080 et
567 1035 649 1080 castra
658 1027 763 1080 munire
772 1043 831 1081 coe·

22 1105 82 1179 pit.
104 1098 181 1166 Quod
193 1110 333 1172 postquam
348 1100 451 1154 Caesari
465 1101 616 1154 nunciatum
632 1110 678 1166 est,
699 1099 782 1155 milite
796 1101 829 1155 ab

21 1191 114 1250 opere
126 1173 245 1236 deducto,
261 1173 352 1226 castris
366 1172 495 1243 praesidio
513 1173 656 1246 Asprenate
675 1175 830 1244 proconsule

23 1266 98 1309 cunr
108 1246 257 1319 legionibus
266 1246 370 1302 duabus
380 1247 476 1310 relicto,
488 1247 545 1317 ipse
558 1265 618 1301 cum
629 1247 747 1318 expedita
757 1250 830 1320 copia

24 1330 61 1384 in
79 1337 143 1377 oum
158 1319 244 1374 locum
261 1321 360 1376 citatim
378 1320 522 1376 contendit:
547 1321 689 1392 classisque
707 1331 779 1392 parte
798 1323 831 1377 ad

7 1407 8 1416 ¹
24 1401 173 1468 Thapsum
184 1393 280 1457 relicta,
292 1395 406 1466 reliquas
416 1411 495 1450 naves
505 1395 578 1449 iubet
587 1403 644 1466 post
654 1395 770 1449 hostium
780 1406 831 1450 ter·

23 1489 102 1552 gum
115 1485 196 1541 quarn
208 1470 324 1525 maxima
338 1469 371 1524 ad
385 1469 447 1524 litus
461 1469 555 1540 adpelli
571 1470 731 1542 signumque
751 1487 831 1525 suum

24 1552 189 1612 ohservare3
210 1561 265 1616 quo
274 1545 351 1619 igno
359 1544 427 1608 dato,
439 1543 527 1599 subito
536 1543 648 1598 clamore
657 1542 730 1604 lacto,
737 1561 771 1598 ex
780 1545 832 1597 im-

23 1622 144 1702 proviso
153 1619 274 1674 hostibus
287 1619 386 1674 aversis
396 1621 540 1674 incuterent
550 1627 680 1682 terrorem,
690 1627 719 1672 ut
728 1627 832 1689 pertur-

24 1697 89 1758 bati
99 1711 131 1749 ao
138 1695 266 1765 perterriti
276 1695 403 1765 respicere
410 1701 470 1765 post
478 1702 550 1766 terga
558 1703 718 1766 cogerentur.
739 1692 741 1698 ’

90 1768 214 1825 LXXXI.
234 1768 293 1836 Quo
301 1777 440 1841 postquam
449 1769 543 1838 Caesar
552 1768 670 1839 pervenit
679 1775 704 1821 et
713 1767 832 1822 animad-

23 1845 115 1907 vertit
128 1843 210 1898 aciem
223 1860 271 1924 ppo
284 1843 353 1898 vallo
366 1843 504 1915 Scipionis,
526 1841 728 1914 elephantosque
741 1842 832 1897 dextro

23 1923 198 1992 sinistroque
206 1935 287 1975 cornu
295 1917 441 1981 collocatos,
449 1925 474 1972 et
483 1917 566 1972 nihilo
576 1917 665 1972 minus
672 1926 771 1988 partem
781 1919 832 1972 mi-

23 2003 114 2057 litum
133 2001 215 2050 castra
235 2010 288 2050 non
308 1992 437 2067 ignaviter
450 1993 567 2048 munire:
589 1992 653 2064 ipse,
669 1993 722 2046 aoie
736 1992 832 2064 triplici

24 2072 170 2132 oollooaa.
195 2068 297 2144 legione
316 2069 417 2124 decima
439 2067 606 2139 secundaque
627 2067 718 2122 dextro
739 2083 829 2133 comm

25 2157 127 2205 octava
138 2152 163 2199 et
172 2161 241 2200 nona
250 2145 366 2210 sinistro,
379 2142 506 2216 oppositis
515 2144 635 2214 quinque
645 2141 793 2216 legionibus
803 2143 831 2197 in

26 2225 130 2296 quarta
143 2218 205 2280 acio.
220 2227 279 2275 ante
291 2221 348 2293 ipsa
362 2235 460 2274 oornna
474 2218 565 2289 quinis
578 2217 729 2273 cohortibus
744 2226 832 2271 contra

25 2293 137 2355 bestias
154 2291 291 2359 collocatis,
311 2294 461 2368 sagittariis,
482 2292 658 2348 funditoribus
670 2292 698 2347 in
713 2292 833 2362 utrisque

25 2365 164 2430 cornibus
173 2364 314 2438 dispositis,
331 2369 436 2441 levique
449 2375 579 2422 armatura
594 2367 662 2422 inter
674 2365 775 2436 equites
791 2366 833 2418 in-

24 2445 151 2505 teriaca,
164 2439 220 2511 ipse
228 2442 340 2513 pedibus
348 2445 448 2498 circum
457 2442 554 2496 milites
566 2457 732 2502 oonorrrsans,
748 2439 833 2493 virtu-

25 2522 315 2591 sesqneveteranorum
326 2517 475 2589 proeliaque
484 2515 618 2588 superiora
626 2529 833 2568 commemorans

26 2591 189 2663 blandeque
198 2589 341 2663 adpellans,
353 2593 455 2648 animos
465 2607 556 2646 eorum
566 2589 704 2644 excitabat.
725 2588 833 2644 Tirones

28 2679 137 2732 autem,
160 2665 208 2739 qui
226 2683 373 2741 numquam
393 2669 421 2724 in
440 2666 495 2724 acie
513 2665 689 2746 dimicassent,
712 2663 834 2720 hortaba-

70 2763 126 2818 lou.
140 2757 212 2815 Caes.
428 2795 430 2800 ·
620 2757 668 2812 lib
