<?xml version="1.0" encoding="UTF-8"?>
<!DOCTYPE html PUBLIC "-//W3C//DTD XHTML 1.0 Transitional//EN"
    "http://www.w3.org/TR/xhtml1/DTD/xhtml1-transitional.dtd">
<html xmlns="http://www.w3.org/1999/xhtml" xml:lang="en" lang="en">
 <head>
  <title>
</title>
<meta http-equiv="Content-Type" content="text/html;charset=utf-8" />
  <meta name='ocr-system' content='tesseract 3.04.00' />
  <meta name='ocr-capabilities' content='ocr_page ocr_carea ocr_par ocr_line ocrx_word'/>
</head>
<body>
  <div class='ocr_page' id='page_1' title='image "./ciuliicaesarisc04caesgoog_0354.png"; bbox 0 0 2078 2996; ppageno 0'>
   <div class='ocr_carea' id='block_1_1' title="bbox 290 161 862 213">
    <p class='ocr_par' dir='ltr' id='par_1_1' title="bbox 290 161 862 213">
     <span class='ocr_line' id='line_1_1' title="bbox 290 161 862 213; baseline 0.012 -7"><span class='ocrx_word' id='word_1_1' title='bbox 290 161 363 207; x_wconf 81' lang='lat' dir='ltr'><strong>LIB.</strong></span> <span class='ocrx_word' id='word_1_2' title='bbox 378 161 422 208; x_wconf 86' lang='grc' dir='ltr'>[Π.</span> <span class='ocrx_word' id='word_1_3' title='bbox 452 163 534 209; x_wconf 79' lang='lat' dir='ltr'>CAP.</span> <span class='ocrx_word' id='word_1_4' title='bbox 547 163 591 208; x_wconf 74' lang='lat'>62.</span> <span class='ocrx_word' id='word_1_5' title='bbox 605 161 647 208; x_wconf 72' lang='grc'>63.</span> <span class='ocrx_word' id='word_1_6' title='bbox 818 161 862 213; x_wconf 80' lang='grc'>351</span> 
     </span>
    </p>
   </div>
   <div class='ocr_carea' id='block_1_2' title="bbox 10 259 868 2573">
    <p class='ocr_par' dir='ltr' id='par_1_2' title="bbox 10 259 868 1438">
     <span class='ocr_line' id='line_1_2' title="bbox 127 259 868 336; baseline 0.008 -20"><span class='ocrx_word' id='word_1_7' title='bbox 127 259 210 316; x_wconf 83' lang='lat' dir='ltr'>LXII.</span> <span class='ocrx_word' id='word_1_8' title='bbox 230 259 335 326; x_wconf 85' lang='lat' dir='ltr'>Quibus</span> <span class='ocrx_word' id='word_1_9' title='bbox 345 259 515 336; x_wconf 77' lang='lat' dir='ltr'>illeeognltis‚</span> <span class='ocrx_word' id='word_1_10' title='bbox 535 262 734 334; x_wconf 79' lang='lat' dir='ltr'>emptionisque</span> <span class='ocrx_word' id='word_1_11' title='bbox 747 262 868 322; x_wconf 88' lang='lat' dir='ltr'>iamente</span> 
     </span>
     <span class='ocr_line' id='line_1_3' title="bbox 69 335 867 411; baseline 0.004 -20"><span class='ocrx_word' id='word_1_12' title='bbox 69 341 147 408; x_wconf 80' lang='lat' dir='ltr'>cepto</span> <span class='ocrx_word' id='word_1_13' title='bbox 159 335 279 400; x_wconf 85' lang='lat' dir='ltr'>oonsilio,</span> <span class='ocrx_word' id='word_1_14' title='bbox 298 342 329 390; x_wconf 90' lang='lat' dir='ltr'>ut</span> <span class='ocrx_word' id='word_1_15' title='bbox 341 335 549 390; x_wconf 82' lang='lat' dir='ltr'>demonstratum</span> <span class='ocrx_word' id='word_1_16' title='bbox 562 343 610 402; x_wconf 79' lang='lat' dir='ltr'>ast,</span> <span class='ocrx_word' id='word_1_17' title='bbox 630 337 772 409; x_wconf 79' lang='lat' dir='ltr'>tegimenta</span> <span class='ocrx_word' id='word_1_18' title='bbox 785 339 867 411; x_wconf 80' lang='lat' dir='ltr'>galeis</span> 
     </span>
     <span class='ocr_line' id='line_1_4' title="bbox 69 409 868 484; baseline 0.003 -18"><span class='ocrx_word' id='word_1_19' title='bbox 69 409 169 466; x_wconf 75' lang='lat' dir='ltr'><strong>milites</strong></span> <span class='ocrx_word' id='word_1_20' title='bbox 179 427 214 464; x_wconf 84' lang='lat' dir='ltr'>ex</span> <span class='ocrx_word' id='word_1_21' title='bbox 224 410 371 464; x_wconf 84' lang='lat' dir='ltr'>viminibus</span> <span class='ocrx_word' id='word_1_22' title='bbox 383 410 467 465; x_wconf 83' lang='lat' dir='ltr'>faeere</span> <span class='ocrx_word' id='word_1_23' title='bbox 477 418 558 482; x_wconf 89' lang='lat' dir='ltr'>atque</span> <span class='ocrx_word' id='word_1_24' title='bbox 572 427 693 484; x_wconf 76' lang='lat' dir='ltr'>aggerem</span> <span class='ocrx_word' id='word_1_25' title='bbox 708 421 868 482; x_wconf 80' lang='lat' dir='ltr'>oomportnre</span> 
     </span>
     <span class='ocr_line' id='line_1_5' title="bbox 10 484 868 559; baseline 0 -18"><span class='ocrx_word' id='word_1_26' title='bbox 10 537 11 550; x_wconf 20' lang='lat' dir='ltr'><strong>ff</strong></span> <span class='ocrx_word' id='word_1_27' title='bbox 68 485 155 541; x_wconf 87' lang='lat' dir='ltr'>iubet.</span> <span class='ocrx_word' id='word_1_28' title='bbox 175 485 223 539; x_wconf 88' lang='lat' dir='ltr'>llis</span> <span class='ocrx_word' id='word_1_29' title='bbox 233 485 329 556; x_wconf 83' lang='lat' dir='ltr'>paratis</span> <span class='ocrx_word' id='word_1_30' title='bbox 339 484 427 546; x_wconf 80' lang='lat' dir='ltr'>rebus.</span> <span class='ocrx_word' id='word_1_31' title='bbox 445 501 574 559; x_wconf 81' lang='lat' dir='ltr'>magnum</span> <span class='ocrx_word' id='word_1_32' title='bbox 588 501 730 540; x_wconf 89' lang='lat' dir='ltr'>numerum</span> <span class='ocrx_word' id='word_1_33' title='bbox 745 485 811 540; x_wconf 85' lang='lat' dir='ltr'>levis</span> <span class='ocrx_word' id='word_1_34' title='bbox 825 505 868 542; x_wconf 83' lang='lat' dir='ltr'>ar-</span> 
     </span>
     <span class='ocr_line' id='line_1_6' title="bbox 10 559 866 634; baseline 0.002 -18"><span class='ocrx_word' id='word_1_35' title='bbox 10 605 11 622; x_wconf 48' lang='lat'>2</span> <span class='ocrx_word' id='word_1_36' title='bbox 68 569 191 616; x_wconf 74' lang='lat' dir='ltr'>menime</span> <span class='ocrx_word' id='word_1_37' title='bbox 199 566 224 613; x_wconf 89' lang='lat' dir='ltr'>et</span> <span class='ocrx_word' id='word_1_38' title='bbox 232 559 426 632; x_wconf 80' lang='lat' dir='ltr'>sagittariorum</span> <span class='ocrx_word' id='word_1_39' title='bbox 435 577 611 634; x_wconf 73' lang='lat' dir='ltr'>aggeremque</span> <span class='ocrx_word' id='word_1_40' title='bbox 624 576 731 616; x_wconf 89' lang='lat' dir='ltr'>omnem</span> <span class='ocrx_word' id='word_1_41' title='bbox 746 569 824 617; x_wconf 86' lang='lat' dir='ltr'>noctu</span> <span class='ocrx_word' id='word_1_42' title='bbox 839 562 866 618; x_wconf 91' lang='lat' dir='ltr'>in</span> 
     </span>
     <span class='ocr_line' id='line_1_7' title="bbox 10 633 868 706; baseline -0.003 -12"><span class='ocrx_word' id='word_1_43' title='bbox 10 693 11 698; x_wconf 71' lang='grc'>,</span> <span class='ocrx_word' id='word_1_44' title='bbox 68 633 185 706; x_wconf 75' lang='lat' dir='ltr'>scaphas</span> <span class='ocrx_word' id='word_1_45' title='bbox 197 642 223 688; x_wconf 88' lang='lat' dir='ltr'>et</span> <span class='ocrx_word' id='word_1_46' title='bbox 236 651 315 690; x_wconf 79' lang='lat' dir='ltr'>neves</span> <span class='ocrx_word' id='word_1_47' title='bbox 329 635 457 690; x_wconf 82' lang='lat' dir='ltr'>actuarias</span> <span class='ocrx_word' id='word_1_48' title='bbox 470 635 583 706; x_wconf 84' lang='lat' dir='ltr'>imponit</span> <span class='ocrx_word' id='word_1_49' title='bbox 596 641 622 688; x_wconf 84' lang='lat' dir='ltr'>et</span> <span class='ocrx_word' id='word_1_50' title='bbox 638 635 672 690; x_wconf 88' lang='lat' dir='ltr'>de</span> <span class='ocrx_word' id='word_1_51' title='bbox 690 633 776 690; x_wconf 85' lang='lat' dir='ltr'>media</span> <span class='ocrx_word' id='word_1_52' title='bbox 793 643 868 691; x_wconf 88' lang='lat' dir='ltr'>nocte</span> 
     </span>
     <span class='ocr_line' id='line_1_8' title="bbox 10 709 867 782; baseline 0.001 -18"><span class='ocrx_word' id='word_1_53' title='bbox 10 743 11 774; x_wconf 33' lang='lat' dir='ltr'>p</span> <span class='ocrx_word' id='word_1_54' title='bbox 69 709 192 764; x_wconf 78' lang='lat' dir='ltr'>cohortes</span> <span class='ocrx_word' id='word_1_55' title='bbox 205 709 350 781; x_wconf 75' lang='lat' dir='ltr'>sexaginta,</span> <span class='ocrx_word' id='word_1_56' title='bbox 364 727 404 764; x_wconf 81' lang='lat' dir='ltr'>ex</span> <span class='ocrx_word' id='word_1_57' title='bbox 422 709 548 764; x_wconf 74' lang='lat' dir='ltr'>menimis</span> <span class='ocrx_word' id='word_1_58' title='bbox 566 709 658 764; x_wconf 78' lang='lat' dir='ltr'>casinis</span> <span class='ocrx_word' id='word_1_59' title='bbox 676 710 867 782; x_wconf 75' lang='lat' dir='ltr'>praesidiisque</span> 
     </span>
     <span class='ocr_line' id='line_1_9' title="bbox 10 783 867 856; baseline 0.001 -18"><span class='ocrx_word' id='word_1_60' title='bbox 10 819 11 848; x_wconf 71' lang='lat'>3</span> <span class='ocrx_word' id='word_1_61' title='bbox 69 783 209 848; x_wconf 80' lang='lat' dir='ltr'>deductas,</span> <span class='ocrx_word' id='word_1_62' title='bbox 221 783 254 837; x_wconf 85' lang='lat' dir='ltr'>ad</span> <span class='ocrx_word' id='word_1_63' title='bbox 262 799 320 838; x_wconf 81' lang='lat' dir='ltr'>eum</span> <span class='ocrx_word' id='word_1_64' title='bbox 329 783 430 856; x_wconf 84' lang='lat' dir='ltr'>partein</span> <span class='ocrx_word' id='word_1_65' title='bbox 442 783 621 839; x_wconf 84' lang='lat' dir='ltr'>munitionum</span> <span class='ocrx_word' id='word_1_66' title='bbox 631 784 712 847; x_wconf 74' lang='lat' dir='ltr'>doeio,</span> <span class='ocrx_word' id='word_1_67' title='bbox 726 801 798 856; x_wconf 86' lang='lat' dir='ltr'>quae</span> <span class='ocrx_word' id='word_1_68' title='bbox 806 802 867 856; x_wconf 84' lang='lat' dir='ltr'>per-</span> 
     </span>
     <span class='ocr_line' id='line_1_10' title="bbox 69 857 866 932; baseline 0.001 -19"><span class='ocrx_word' id='word_1_69' title='bbox 69 857 192 913; x_wconf 85' lang='lat' dir='ltr'>tinebant</span> <span class='ocrx_word' id='word_1_70' title='bbox 212 857 246 912; x_wconf 83' lang='lat' dir='ltr'>ed</span> <span class='ocrx_word' id='word_1_71' title='bbox 263 875 342 924; x_wconf 78' lang='lat' dir='ltr'>mese,</span> <span class='ocrx_word' id='word_1_72' title='bbox 364 858 571 932; x_wconf 78' lang='lat' dir='ltr'>longissimeque</span> <span class='ocrx_word' id='word_1_73' title='bbox 592 877 607 914; x_wconf 92' lang='lat' dir='ltr'>e</span> <span class='ocrx_word' id='word_1_74' title='bbox 629 859 754 913; x_wconf 72' lang='lat' dir='ltr'>maximis</span> <span class='ocrx_word' id='word_1_75' title='bbox 774 860 866 914; x_wconf 79' lang='lat' dir='ltr'>oestiis</span> 
     </span>
     <span class='ocr_line' id='line_1_11' title="bbox 69 932 866 1020; baseline -0.001 -30"><span class='ocrx_word' id='word_1_76' title='bbox 69 933 192 990; x_wconf 76' lang='lat' dir='ltr'>Caesaris</span> <span class='ocrx_word' id='word_1_77' title='bbox 201 932 318 988; x_wconf 79' lang='lat' dir='ltr'>aberam.</span> <span class='ocrx_word' id='word_1_78' title='bbox 336 933 437 988; x_wconf 88' lang='lat' dir='ltr'>Eodem</span> <span class='ocrx_word' id='word_1_79' title='bbox 446 950 535 1020; x_wconf 77' lang='lat' dir='ltr'>neves,</span> <span class='ocrx_word' id='word_1_80' title='bbox 548 950 615 1005; x_wconf 84' lang='lat' dir='ltr'>quas</span> <span class='ocrx_word' id='word_1_81' title='bbox 625 933 866 990; x_wconf 87' lang='lat' dir='ltr'>demonstravimus</span> 
     </span>
     <span class='ocr_line' id='line_1_12' title="bbox 68 1005 866 1156; baseline 0.001 -18"><span class='ocrx_word' id='word_1_82' title='bbox 68 1005 866 1156; x_wconf 50' lang='lat' dir='ltr'>:estillltfl&#39;ldt‘llllddllltulld:</span> 
     </span>
     <span class='ocr_line' id='line_1_13' title="bbox 67 1155 866 1230; baseline 0.004 -18"><span class='ocrx_word' id='word_1_83' title='bbox 67 1173 178 1230; x_wconf 87' lang='lat' dir='ltr'>quoque</span> <span class='ocrx_word' id='word_1_84' title='bbox 188 1156 244 1210; x_wconf 85' lang='lat' dir='ltr'>lieri</span> <span class='ocrx_word' id='word_1_85' title='bbox 253 1156 326 1221; x_wconf 82' lang='lat' dir='ltr'>velit,</span> <span class='ocrx_word' id='word_1_86' title='bbox 339 1157 474 1228; x_wconf 77' lang='lat' dir='ltr'>praecipit.</span> <span class='ocrx_word' id='word_1_87' title='bbox 494 1155 593 1211; x_wconf 79' lang='lat' dir='ltr'>Adeas</span> <span class='ocrx_word' id='word_1_88' title='bbox 603 1159 762 1213; x_wconf 77' lang='lat' dir='ltr'>munitiones</span> <span class='ocrx_word' id='word_1_89' title='bbox 770 1160 866 1215; x_wconf 77' lang='lat' dir='ltr'>Caesen</span> 
     </span>
     <span class='ocr_line' id='line_1_14' title="bbox 68 1229 865 1306; baseline 0.004 -20"><span class='ocrx_word' id='word_1_90' title='bbox 68 1230 214 1286; x_wconf 80' lang='lat' dir='ltr'>Lentulum</span> <span class='ocrx_word' id='word_1_91' title='bbox 227 1229 409 1286; x_wconf 76' lang='lat' dir='ltr'>Mmoellinum</span> <span class='ocrx_word' id='word_1_92' title='bbox 423 1238 588 1302; x_wconf 76' lang='lat' dir='ltr'>quaestorem</span> <span class='ocrx_word' id='word_1_93' title='bbox 604 1249 666 1286; x_wconf 88' lang='lat' dir='ltr'>oum</span> <span class='ocrx_word' id='word_1_94' title='bbox 682 1232 783 1306; x_wconf 78' lang='lat' dir='ltr'>legione</span> <span class='ocrx_word' id='word_1_95' title='bbox 795 1251 865 1289; x_wconf 85' lang='lat' dir='ltr'>nona</span> 
     </span>
     <span class='ocr_line' id='line_1_15' title="bbox 69 1304 865 1438; baseline 0.003 -2"><span class='ocrx_word' id='word_1_96' title='bbox 69 1304 780 1436; x_wconf 61' lang='lat' dir='ltr'>stlllldtl‘llllldllllllletdll</span> <span class='ocrx_word' id='word_1_97' title='bbox 792 1325 865 1438; x_wconf 63' lang='lat' dir='ltr'>til</span> 
     </span>
    </p>

    <p class='ocr_par' dir='ltr' id='par_1_3' title="bbox 67 1421 298 1511">
     <span class='ocr_line' id='line_1_16' title="bbox 291 1421 298 1446; baseline 0 0"><span class='ocrx_word' id='word_1_98' title='bbox 291 1421 298 1446; x_wconf 72' lang='lat' dir='ltr'>i</span> 
     </span>
     <span class='ocr_line' id='line_1_17' title="bbox 67 1456 187 1511; baseline -0.025 0"><span class='ocrx_word' id='word_1_99' title='bbox 67 1456 187 1511; x_wconf 86' lang='lat' dir='ltr'>miserat.</span> 
     </span>
    </p>

    <p class='ocr_par' dir='ltr' id='par_1_4' title="bbox 66 1527 866 2573">
     <span class='ocr_line' id='line_1_18' title="bbox 126 1527 866 1598; baseline -0.004 -13"><span class='ocrx_word' id='word_1_100' title='bbox 126 1529 218 1585; x_wconf 83' lang='lat' dir='ltr'>LXlll.</span> <span class='ocrx_word' id='word_1_101' title='bbox 237 1529 303 1595; x_wconf 80' lang='lat' dir='ltr'>Erat</span> <span class='ocrx_word' id='word_1_102' title='bbox 309 1543 340 1582; x_wconf 92' lang='lat' dir='ltr'>eo</span> <span class='ocrx_word' id='word_1_103' title='bbox 355 1529 410 1583; x_wconf 83' lang='lat' dir='ltr'>loeo</span> <span class='ocrx_word' id='word_1_104' title='bbox 422 1527 490 1582; x_wconf 85' lang='lat' dir='ltr'>losse</span> <span class='ocrx_word' id='word_1_105' title='bbox 499 1527 597 1598; x_wconf 88' lang='lat' dir='ltr'>pedum</span> <span class='ocrx_word' id='word_1_106' title='bbox 610 1527 762 1598; x_wconf 79' lang='lat' dir='ltr'>quindecim</span> <span class='ocrx_word' id='word_1_107' title='bbox 772 1537 797 1584; x_wconf 83' lang='lat' dir='ltr'>et</span> <span class='ocrx_word' id='word_1_108' title='bbox 810 1528 866 1583; x_wconf 87' lang='lat' dir='ltr'>val-</span> 
     </span>
     <span class='ocr_line' id='line_1_19' title="bbox 67 1601 866 1672; baseline -0.004 -12"><span class='ocrx_word' id='word_1_109' title='bbox 67 1607 114 1660; x_wconf 88' lang='lat' dir='ltr'>lus</span> <span class='ocrx_word' id='word_1_110' title='bbox 127 1610 218 1658; x_wconf 85' lang='lat' dir='ltr'>eontra</span> <span class='ocrx_word' id='word_1_111' title='bbox 231 1603 334 1657; x_wconf 90' lang='lat' dir='ltr'>hostem</span> <span class='ocrx_word' id='word_1_112' title='bbox 353 1601 382 1658; x_wconf 89' lang='lat' dir='ltr'>in</span> <span class='ocrx_word' id='word_1_113' title='bbox 395 1601 560 1657; x_wconf 85' lang='lat' dir='ltr'>altitudinem</span> <span class='ocrx_word' id='word_1_114' title='bbox 575 1602 672 1672; x_wconf 84' lang='lat' dir='ltr'>pedum</span> <span class='ocrx_word' id='word_1_115' title='bbox 688 1602 786 1660; x_wconf 84' lang='lat' dir='ltr'>decem.</span> <span class='ocrx_word' id='word_1_116' title='bbox 807 1605 866 1658; x_wconf 76' lang='lat' dir='ltr'>tin-</span> 
     </span>
     <span class='ocr_line' id='line_1_20' title="bbox 67 1675 865 1750; baseline -0.004 -16"><span class='ocrx_word' id='word_1_117' title='bbox 67 1677 244 1748; x_wconf 88' lang='lat' dir='ltr'>tumdemque</span> <span class='ocrx_word' id='word_1_118' title='bbox 252 1677 310 1731; x_wconf 89' lang='lat' dir='ltr'>eius</span> <span class='ocrx_word' id='word_1_119' title='bbox 319 1675 383 1732; x_wconf 86' lang='lat' dir='ltr'>velli</span> <span class='ocrx_word' id='word_1_120' title='bbox 392 1693 472 1750; x_wconf 80' lang='lat' dir='ltr'>agger</span> <span class='ocrx_word' id='word_1_121' title='bbox 482 1676 684 1731; x_wconf 81' lang='lat' dir='ltr'>in&#39;latitudinem</span> <span class='ocrx_word' id='word_1_122' title='bbox 693 1677 804 1748; x_wconf 81' lang='lat' dir='ltr'>patebat.</span> <span class='ocrx_word' id='word_1_123' title='bbox 823 1678 865 1732; x_wconf 78' lang='lat' dir='ltr'>Ab</span> 
     </span>
     <span class='ocr_line' id='line_1_21' title="bbox 67 1750 866 1828; baseline -0.004 -19"><span class='ocrx_word' id='word_1_124' title='bbox 67 1769 110 1817; x_wconf 83' lang='lat' dir='ltr'>eo,</span> <span class='ocrx_word' id='word_1_125' title='bbox 123 1750 273 1806; x_wconf 85' lang='lat' dir='ltr'>intermisso</span> <span class='ocrx_word' id='word_1_126' title='bbox 282 1751 366 1824; x_wconf 89' lang='lat' dir='ltr'>spatio</span> <span class='ocrx_word' id='word_1_127' title='bbox 374 1751 475 1823; x_wconf 84' lang='lat' dir='ltr'>pedum</span> <span class='ocrx_word' id='word_1_128' title='bbox 482 1757 673 1828; x_wconf 62' lang='lat' dir='ltr'>umentorum,</span> <span class='ocrx_word' id='word_1_129' title='bbox 686 1751 750 1806; x_wconf 86' lang='lat' dir='ltr'>alter</span> <span class='ocrx_word' id='word_1_130' title='bbox 755 1767 866 1806; x_wconf 82' lang='lat' dir='ltr'>eonver-</span> 
     </span>
     <span class='ocr_line' id='line_1_22' title="bbox 67 1824 864 1898; baseline -0.004 -14"><span class='ocrx_word' id='word_1_131' title='bbox 67 1826 156 1884; x_wconf 83' lang='lat' dir='ltr'>suein</span> <span class='ocrx_word' id='word_1_132' title='bbox 166 1827 322 1882; x_wconf 79' lang='lat' dir='ltr'>nontranam</span> <span class='ocrx_word' id='word_1_133' title='bbox 331 1833 431 1898; x_wconf 85' lang='lat' dir='ltr'>portem</span> <span class='ocrx_word' id='word_1_134' title='bbox 445 1834 500 1880; x_wconf 88' lang='lat' dir='ltr'>erat</span> <span class='ocrx_word' id='word_1_135' title='bbox 513 1824 609 1889; x_wconf 83' lang='lat' dir='ltr'>vallus,</span> <span class='ocrx_word' id='word_1_136' title='bbox 627 1825 767 1880; x_wconf 79' lang='lat' dir='ltr'>humiliore</span> <span class='ocrx_word' id='word_1_137' title='bbox 774 1826 864 1898; x_wconf 85' lang='lat' dir='ltr'>paullo</span> 
     </span>
     <span class='ocr_line' id='line_1_23' title="bbox 66 1899 865 1974; baseline -0.004 -14"><span class='ocrx_word' id='word_1_138' title='bbox 66 1900 231 1960; x_wconf 81' lang='lat' dir='ltr'>munitione:</span> <span class='ocrx_word' id='word_1_139' title='bbox 252 1901 302 1956; x_wconf 89' lang='lat' dir='ltr'>hoo</span> <span class='ocrx_word' id='word_1_140' title='bbox 313 1901 384 1956; x_wconf 88' lang='lat' dir='ltr'>enim</span> <span class='ocrx_word' id='word_1_141' title='bbox 399 1900 578 1974; x_wconf 84' lang='lat' dir='ltr'>superioribus</span> <span class='ocrx_word' id='word_1_142' title='bbox 592 1899 685 1954; x_wconf 91' lang='lat' dir='ltr'>diebus</span> <span class='ocrx_word' id='word_1_143' title='bbox 694 1901 790 1956; x_wconf 88' lang='lat' dir='ltr'>timens</span> <span class='ocrx_word' id='word_1_144' title='bbox 800 1901 865 1957; x_wconf 87' lang='lat' dir='ltr'>Cae-</span> 
     </span>
     <span class='ocr_line' id='line_1_24' title="bbox 67 1975 864 2047; baseline -0.003 -13"><span class='ocrx_word' id='word_1_145' title='bbox 67 1997 123 2043; x_wconf 83' lang='lat' dir='ltr'>sar,</span> <span class='ocrx_word' id='word_1_146' title='bbox 144 1993 178 2032; x_wconf 92' lang='lat' dir='ltr'>ne</span> <span class='ocrx_word' id='word_1_147' title='bbox 192 1976 306 2032; x_wconf 83' lang='lat' dir='ltr'>navibus</span> <span class='ocrx_word' id='word_1_148' title='bbox 319 1976 401 2032; x_wconf 80' lang='lat' dir='ltr'>nostri</span> <span class='ocrx_word' id='word_1_149' title='bbox 411 1975 671 2040; x_wconf 81' lang='lat' dir='ltr'>oimumvenirentur‚</span> <span class='ocrx_word' id='word_1_150' title='bbox 692 1975 823 2047; x_wconf 83' lang='lat' dir='ltr'>duplicem</span> <span class='ocrx_word' id='word_1_151' title='bbox 833 1993 864 2032; x_wconf 92' lang='lat' dir='ltr'>eo</span> 
     </span>
     <span class='ocr_line' id='line_1_25' title="bbox 67 2048 860 2122; baseline -0.001 -14"><span class='ocrx_word' id='word_1_152' title='bbox 67 2055 125 2108; x_wconf 88' lang='lat' dir='ltr'>loeo</span> <span class='ocrx_word' id='word_1_153' title='bbox 135 2050 229 2107; x_wconf 83' lang='lat' dir='ltr'>leeeret</span> <span class='ocrx_word' id='word_1_154' title='bbox 237 2051 348 2116; x_wconf 82' lang='lat' dir='ltr'>vallum,</span> <span class='ocrx_word' id='word_1_155' title='bbox 367 2059 406 2117; x_wconf 82' lang='lat' dir='ltr'>ut,</span> <span class='ocrx_word' id='word_1_156' title='bbox 428 2051 451 2104; x_wconf 92' lang='lat' dir='ltr'>si</span> <span class='ocrx_word' id='word_1_157' title='bbox 461 2049 568 2122; x_wconf 80' lang='lat' dir='ltr'>ancipiti</span> <span class='ocrx_word' id='word_1_158' title='bbox 577 2048 675 2121; x_wconf 82' lang='lat' dir='ltr'>proelio</span> <span class='ocrx_word' id='word_1_159' title='bbox 684 2051 860 2116; x_wconf 74' lang='lat' dir='ltr'>dimicaretur,</span> 
     </span>
     <span class='ocr_line' id='line_1_26' title="bbox 67 2124 863 2199; baseline 0.001 -20"><span class='ocrx_word' id='word_1_160' title='bbox 67 2132 157 2198; x_wconf 85' lang='lat' dir='ltr'>posset</span> <span class='ocrx_word' id='word_1_161' title='bbox 173 2127 269 2182; x_wconf 74' lang='lat' dir='ltr'>resisti</span> <span class='ocrx_word' id='word_1_162' title='bbox 307 2126 359 2182; x_wconf 88' lang='lat' dir='ltr'>Sed</span> <span class='ocrx_word' id='word_1_163' title='bbox 376 2141 487 2199; x_wconf 79' lang='lat' dir='ltr'>operum</span> <span class='ocrx_word' id='word_1_164' title='bbox 504 2124 660 2198; x_wconf 79' lang='lat' dir='ltr'>magnitudo</span> <span class='ocrx_word' id='word_1_165' title='bbox 680 2133 706 2180; x_wconf 90' lang='lat' dir='ltr'>et</span> <span class='ocrx_word' id='word_1_166' title='bbox 726 2128 863 2183; x_wconf 83' lang='lat' dir='ltr'>continens</span> 
     </span>
     <span class='ocr_line' id='line_1_27' title="bbox 68 2199 864 2273; baseline -0.001 -18"><span class='ocrx_word' id='word_1_167' title='bbox 68 2199 190 2255; x_wconf 88' lang='lat' dir='ltr'>omnium</span> <span class='ocrx_word' id='word_1_168' title='bbox 199 2199 393 2266; x_wconf 79' lang='lat' dir='ltr'>dierum-labor,</span> <span class='ocrx_word' id='word_1_169' title='bbox 404 2199 477 2273; x_wconf 89' lang='lat' dir='ltr'>quod</span> <span class='ocrx_word' id='word_1_170' title='bbox 485 2199 569 2254; x_wconf 80' lang='lat' dir='ltr'>millia</span> <span class='ocrx_word' id='word_1_171' title='bbox 578 2215 706 2271; x_wconf 76' lang='lat' dir='ltr'>passum</span> <span class='ocrx_word' id='word_1_172' title='bbox 716 2201 743 2256; x_wconf 92' lang='lat' dir='ltr'>in</span> <span class='ocrx_word' id='word_1_173' title='bbox 752 2202 864 2256; x_wconf 82' lang='lat' dir='ltr'>circuitu</span> 
     </span>
     <span class='ocr_line' id='line_1_28' title="bbox 68 2273 863 2346; baseline -0.005 -14"><span class='ocrx_word' id='word_1_174' title='bbox 68 2273 254 2346; x_wconf 83' lang='lat' dir='ltr'>septemdecim</span> <span class='ocrx_word' id='word_1_175' title='bbox 274 2276 420 2332; x_wconf 87' lang='lat' dir='ltr'>munitione</span> <span class='ocrx_word' id='word_1_176' title='bbox 440 2283 495 2330; x_wconf 84' lang='lat' dir='ltr'>erat</span> <span class='ocrx_word' id='word_1_177' title='bbox 516 2274 684 2346; x_wconf 85' lang='lat' dir='ltr'>complexus,</span> <span class='ocrx_word' id='word_1_178' title='bbox 711 2274 863 2346; x_wconf 83' lang='lat' dir='ltr'>perficiendi</span> 
     </span>
     <span class='ocr_line' id='line_1_29' title="bbox 68 2348 863 2495; baseline -0.008 -14"><span class='ocrx_word' id='word_1_179' title='bbox 68 2348 863 2495; x_wconf 52' lang='lat' dir='ltr'>zttillmlllll‘l„llltdltnttztfflllll</span> 
     </span>
     <span class='ocr_line' id='line_1_30' title="bbox 67 2463 864 2573; baseline -0.005 -20"><span class='ocrx_word' id='word_1_180' title='bbox 67 2497 219 2573; x_wconf 81' lang='lat' dir='ltr'>perseuerat.</span> <span class='ocrx_word' id='word_1_181' title='bbox 257 2495 330 2563; x_wconf 84' lang='lat' dir='ltr'>Quae</span> <span class='ocrx_word' id='word_1_182' title='bbox 347 2517 389 2553; x_wconf 84' lang='lat' dir='ltr'>res</span> <span class='ocrx_word' id='word_1_183' title='bbox 406 2507 466 2554; x_wconf 89' lang='lat' dir='ltr'>nota</span> <span class='ocrx_word' id='word_1_184' title='bbox 484 2507 539 2554; x_wconf 84' lang='lat' dir='ltr'>erat</span> <span class='ocrx_word' id='word_1_185' title='bbox 556 2497 693 2567; x_wconf 83' lang='lat' dir='ltr'>Pompeio,</span> <span class='ocrx_word' id='word_1_186' title='bbox 714 2463 798 2550; x_wconf 75' lang='lat' dir='ltr'>delata</span> <span class='ocrx_word' id='word_1_187' title='bbox 816 2513 864 2567; x_wconf 82' lang='lat' dir='ltr'>pen</span> 
     </span>
    </p>
   </div>
   <div class='ocr_carea' id='block_1_3' title="bbox 70 2569 965 2647">
    <p class='ocr_par' dir='ltr' id='par_1_5' title="bbox 70 2569 965 2647">
     <span class='ocr_line' id='line_1_31' title="bbox 70 2569 965 2647; baseline -0.007 -18"><span class='ocrx_word' id='word_1_188' title='bbox 70 2573 147 2630; x_wconf 83' lang='lat' dir='ltr'>Allob</span> <span class='ocrx_word' id='word_1_189' title='bbox 243 2569 375 2645; x_wconf 73' lang='lat' dir='ltr'>perleges,</span> <span class='ocrx_word' id='word_1_190' title='bbox 397 2589 579 2647; x_wconf 77' lang='lat' dir='ltr'>magnumque</span> <span class='ocrx_word' id='word_1_191' title='bbox 597 2571 694 2626; x_wconf 83' lang='lat' dir='ltr'>nostris</span> <span class='ocrx_word' id='word_1_192' title='bbox 711 2570 805 2625; x_wconf 89' lang='lat' dir='ltr'>adtulit</span> <span class='ocrx_word' id='word_1_193' title='bbox 820 2571 864 2630; x_wconf 86' lang='lat' dir='ltr'>in·</span> <span class='ocrx_word' id='word_1_194' title='bbox 963 2569 965 2576; x_wconf 81' lang='grc'>’</span> 
     </span>
    </p>
   </div>
   <div class='ocr_carea' id='block_1_4' title="bbox 67 2645 863 2715">
    <p class='ocr_par' dir='ltr' id='par_1_6' title="bbox 67 2645 863 2715">
     <span class='ocr_line' id='line_1_32' title="bbox 67 2645 863 2715; baseline -0.005 -10"><span class='ocrx_word' id='word_1_195' title='bbox 67 2665 155 2705; x_wconf 88' lang='lat' dir='ltr'>oomm</span> <span class='ocrx_word' id='word_1_196' title='bbox 190 2664 247 2704; x_wconf 87' lang='lat' dir='ltr'>um.</span> <span class='ocrx_word' id='word_1_197' title='bbox 268 2648 346 2715; x_wconf 84' lang='lat' dir='ltr'>Nam,</span> <span class='ocrx_word' id='word_1_198' title='bbox 358 2654 389 2703; x_wconf 89' lang='lat' dir='ltr'>ut</span> <span class='ocrx_word' id='word_1_199' title='bbox 402 2647 436 2702; x_wconf 90' lang='lat' dir='ltr'>ed</span> <span class='ocrx_word' id='word_1_200' title='bbox 450 2666 522 2704; x_wconf 81' lang='lat' dir='ltr'>mere</span> <span class='ocrx_word' id='word_1_201' title='bbox 535 2653 638 2703; x_wconf 84' lang='lat' dir='ltr'>nostrae</span> <span class='ocrx_word' id='word_1_202' title='bbox 650 2645 767 2702; x_wconf 77' lang='lat' dir='ltr'>cohortes</span> <span class='ocrx_word' id='word_1_203' title='bbox 779 2663 863 2703; x_wconf 87' lang='lat' dir='ltr'>nouae</span> 
     </span>
    </p>
   </div>
   <div class='ocr_carea' id='block_1_5' title="bbox 0 0 1044 2996">
    <p class='ocr_par' dir='ltr' id='par_1_7' title="bbox 0 0 1044 2996">
     <span class='ocr_line' id='line_1_33' title="bbox 0 0 1044 2996; baseline 0 1"><span class='ocrx_word' id='word_1_204' title='bbox 0 0 1044 2996; x_wconf 95' lang='lat' dir='ltr'> </span> 
     </span>
    </p>
   </div>
  </div>
 </body>
</html>
