2064 2996
165 87 223 174 ‘⁸82
392 121 442 168 DE
460 119 585 166 BELLO
606 119 775 166 GALLICO
815 151 820 155 .

189 222 308 280 nuncios·
316 219 345 276 in
358 237 451 276 omnes
464 227 551 292 partes
564 219 707 284 dimisisse,
728 217 768 273 uti
781 217 815 274 de
826 217 931 290 oppidis
943 220 990 276 de-

189 297 344 372 migrarent,
365 294 476 360 liberos,
497 311 606 359 uxores,
627 311 730 365 suaque
749 293 838 348 omnia
859 294 887 348 in
907 294 991 351 silvas

189 371 540 444 deponerentatqueomnes,
553 369 601 440 qui
614 386 688 424 arma
698 367 765 422 ferre
774 376 890 439 possent,
902 386 992 426 unum

189 447 219 504 in
236 446 325 504 locum
344 443 528 500 convenirent:
551 443 626 500 huno
647 459 705 496 esse
723 441 853 497 delectum
870 443 992 500 medium

189 521 244 578 iere
252 519 391 594 regionum
402 536 508 584 earum,
532 534 602 589 quas
613 516 694 572 Suevi
703 517 865 572 obtinerent:
886 517 992 574 hicno-

190 611 333 652 manorum
351 593 497 649 adventum
518 599 670 664 exspectare
693 599 773 662 atque
797 591 835 646 ibi
860 591 992 650 decertare

189 667 367 726 constituisse.
390 665 468 734 Quod
481 667 529 722 ubi
547 666 643 722 Caesar
656 666 792 737 eomperit,
807 666 934 723 omnibus
947 668 992 724 his

190 745 270 800 rebus
281 739 413 807 eonleetis,
430 759 547 813 quarum
557 758 646 796 rerum
657 758 751 796 caussa
762 739 932 796 transducere
944 759 993 798 ex-

190 817 300 874 ercitum
311 816 489 882 constituerat,
506 823 536 871 ut
545 815 686 872 Germanis
701 822 802 870 metum
812 815 941 882 iniioeret,
962 825 993 872 nt

190 890 344 965 Sigambros
362 889 542 955 ulcisceretur,
563 897 594 945 ut
607 889 690 946 Ubios
702 888 839 944 obsidione
857 889 990 956 liberaret,

189 965 284 1021 diebus
301 964 411 1020 omnino
429 965 458 1021 X
475 972 502 1020 et
521 965 580 1022 vui
598 971 671 1021 trans
689 964 814 1019 Rhenum
832 967 990 1032 consumtis,

190 1039 254 1094 satis
263 1045 289 1094 at
301 1039 336 1094 ad
345 1037 451 1094 laudem
461 1046 487 1094 et
496 1037 531 1094 ad
540 1037 831 1112 utilitatemproleatum
836 1039 990 1106 arbitratus,

190 1132 220 1170 se
228 1113 257 1170 in
267 1112 382 1170 Galliam
392 1113 488 1186 renepit
497 1120 659 1185 pontemque
667 1112 783 1169 rescidit.
1012 1127 1019 1172 q

244 1189 307 1244 XX.
325 1187 431 1261 Exigua
442 1195 514 1259 parte
524 1189 630 1242 assatis
642 1187 760 1260 reliqua,
777 1187 886 1253 cessar,
902 1188 952 1242 etsi
964 1189 992 1244 in

190 1262 233 1318 his
248 1263 325 1328 locis,
347 1263 421 1334 quod
433 1263 522 1318 omnis
536 1261 623 1318 Gallia
637 1263 672 1318 ad
686 1262 885 1334 septemtriones
894 1264 991 1336 vergit,

190 1347 310 1393 maturae
324 1343 389 1394 sunt
402 1336 513 1403 hiemes,
534 1337 666 1393 tamenin
681 1337 844 1392 Britanniam
859 1335 993 1408 proticisci

189 1412 332 1478 oontendit,
354 1411 428 1486 quod
444 1411 571 1468 omnibus
588 1411 643 1468 lere
652 1411 762 1467 Gallicis
778 1410 856 1466 bellis
870 1411 994 1468 hostibus

190 1488 288 1544 nostris
302 1487 364 1546 inde
381 1487 583 1544 subministrata
601 1485 702 1542 auxilie
718 1485 899 1560 intellegebat:
922 1493 958 1552 et,
970 1487 995 1540 si

189 1571 296 1636 tempus
305 1563 369 1620 anni
378 1563 411 1618 ed
423 1562 525 1620 bellum
533 1561 682 1636 gerendum
691 1561 821 1626 defieret,
834 1567 926 1616 tamen
935 1577 995 1616 ma-

189 1655 244 1712 gno
253 1639 307 1694 sibi
316 1638 378 1694 usui
387 1637 442 1694 iore
451 1638 641 1703 arbitrabatur,
662 1636 686 1690 si
700 1635 780 1692 modo
793 1634 912 1692 insulam
923 1635 995 1691 adis-

190 1720 238 1778 set,
249 1730 336 1786 genus
346 1713 487 1768 hominum
499 1713 684 1784 perspexisset,
704 1711 769 1778 boa.
786 1718 888 1782 portus,
905 1710 995 1766 aditus

189 1787 368 1860 eognovisset:
390 1803 459 1858 quae
475 1787 566 1844 omnia
585 1785 638 1842 lere
650 1784 734 1844 Gallis
754 1792 828 1842 mant
847 1784 994 1859 incognita.

189 1861 282 1932 Neque
300 1860 373 1916 enim
388 1868 485 1916 temere
497 1868 599 1932 praetm
612 1869 769 1918 morealmes
783 1859 829 1914 illo
847 1859 905 1914 edit
919 1861 996 1932 quis-

189 1951 282 2005 quam,
300 1951 387 2006 neque
400 1935 433 1989 iis
442 1936 508 2006 ipsis
517 1934 676 2008 quidquam,
692 1943 794 2006 praeter
804 1951 880 1988 oram
891 1935 997 1990 mariti-

189 2025 263 2062 mam
285 2014 365 2080 atque
383 2025 428 2064 eas
449 2011 580 2084 regiones,
605 2027 675 2082 quae
693 2018 757 2069 sunt
774 2015 864 2064 dontra
879 2009 994 2072 Gallias,

189 2090 283 2138 notum
293 2089 342 2136 est.
371 2084 476 2155 itaque,
498 2085 610 2142 evocatis
621 2086 656 2140 nd
667 2103 696 2142 se
706 2085 827 2156 undique
840 2085 997 2140 mereatori-

189 2158 251 2223 bus,
271 2173 359 2229 neque
376 2166 476 2228 quanta
495 2167 563 2226 esset
585 2159 689 2216 insulae
710 2157 881 2232 magnitudo,
907 2176 997 2232 netque

189 2250 260 2306 quae
276 2240 323 2288 aut
341 2240 457 2303 quantae
476 2233 596 2290 nationes
615 2234 772 2298 insolerent,
802 2249 893 2305 neque
912 2250 997 2306 quem

38 2339 41 2346 ·
127 2315 131 2322 ¹
190 2325 271 2366 usum
289 2305 352 2363 belli
365 2306 506 2372 haberent,
529 2316 576 2364 aut
588 2309 688 2380 quibus
702 2307 830 2363 institutis
842 2314 995 2371 uterentur,

189 2400 278 2456 neque
295 2381 344 2455 qui
364 2391 452 2440 essent
468 2383 503 2438 ad
517 2383 649 2439 maiorum
663 2382 775 2440 navium
789 2381 997 2440 multitudinem

189 2457 278 2513 idonei
288 2464 388 2530 portus,
401 2457 514 2530 reperire
523 2463 630 2529 poterat.

244 2533 321 2588 XXI.
341 2532 457 2588 Adhaoo
466 2531 656 2606 eognosoenda,
671 2531 830 2604 prinsquam
839 2531 999 2602 perieulum

189 2603 292 2674 iaomet,
316 2605 441 2666 idoneum
454 2624 512 2665 esse
525 2606 668 2666 arbitratus
682 2605 713 2664 C.
729 2605 911 2674 Volusenum,
935 2623 998 2664 eum
