2042 3004
186 141 234 194 120
383 143 416 188 Δ.
436 141 566 188 fflRTll
582 141 632 185 DE
650 139 775 184 BELLO

184 246 285 309 uriam,
310 259 370 298 eum
392 241 435 296 his
454 239 487 294 ad
506 239 648 294 seeundum
666 239 826 310 pervenisse
846 239 980 314 legionen,

184 335 329 392 omnesque
338 315 375 372 ibl
385 334 413 371 se
424 313 593 370 noniunxisse
602 321 627 368 et
637 314 668 366 T.
680 313 816 368 Thorium
827 315 982 370 Italicensem

162 437 166 442 -
185 398 279 452 dueem
293 392 430 467 delegisse.
450 387 571 458 Celeriter
584 388 674 443 habito
685 387 814 454 bonfilio,
837 390 983 445 Mareellun

185 470 346 534 Cordubam,
356 475 387 524 ut
395 483 452 521 eam
462 465 490 518 in
499 471 622 534 potestate
630 462 762 529 retineret·¹
775 462 811 530 Q.
819 464 948 520 Quum
957 465 984 518 le

186 555 278 622 gotum
287 540 415 615 Hispalim
424 539 513 593 mittit.
532 537 624 593 Peneis
633 538 657 592 ei
669 537 767 592 diebus
774 537 914 598 adfertur,
934 557 984 594 oen·

68 655 78 664 -
186 629 296 677 ventum
313 615 509 674 Cordubenseru
527 612 561 668 ab
574 629 604 667 eo
621 611 756 676 deiecisse,
778 613 985 685 Humanumque

188 705 233 752 aut
250 693 391 756 voluntate,
412 697 458 744 aut
475 688 625 743 necessitate
644 686 799 752 adductum,
822 687 954 762 (uanaque
965 688 984 740 id

188 771 260 826 varie
281 762 477 835 emanatus)
497 761 640 818 consentire
662 778 725 816 oum
749 761 983 826 Cordubensibus,

188 847 255 901 duas
265 842 382 897 cohortes
392 837 503 911 legionis
513 839 628 912 quintae.
644 851 713 908 quae
729 834 841 894 fuerant
855 838 984 895 Cordubae

188 922 217 974 in
226 915 364 990 praesidio.
380 911 552 971 idemlaeere.
572 911 688 974 Cassius,
704 909 748 964 bis
758 911 845 967 rebus
856 913 982 974 incensus

189 999 287 1050 movet.
293 995 376 1044 eastra
392 993 417 1042 et
428 995 531 1059 postero
549 986 592 1042 die
604 984 742 1058 Segouiam
756 985 794 1040 ad
806 985 918 1044 flumen
935 987 985 1042 slli-

189 1064 355 1122 eensevenit.
384 1063 434 1127 lbi,
453 1060 685 1129 habita-nonniene
707 1058 830 1116 militum
843 1062 985 1118 tentatani

190 1159 261 1198 mos:
282 1155 350 1212 quos
369 1137 509 1212 eognosoit,
531 1151 584 1190 non
606 1152 663 1200 sua,
682 1133 729 1188 sed
751 1134 879 1192 Caesaris
901 1139 985 1194 absen-

190 1218 225 1272 tis
243 1231 344 1282 caussa,
365 1213 417 1269 sibi
436 1210 578 1266 fidissimos
591 1227 648 1264 esse
664 1207 828 1281 nullumque
842 1211 985 1283 perieulum
1005 1219 1006 1224 ’

191 1293 385 1364 deprecaturos,
408 1287 475 1344 dum
495 1302 543 1358 per
563 1301 608 1342 eos
630 1283 734 1340 Caesari
752 1285 899 1356 provincia
921 1287 1006 1342 restis

191 1373 317 1424 tueretur.
464 1375 472 1388 ·

246 1441 336 1498 LV'lll.
356 1437 463 1494 Interim
472 1435 584 1490 Thorius
593 1433 627 1490 ad
635 1433 787 1490 Cordubam
797 1444 905 1492 veteres
916 1435 985 1508 legio
1005 1441 1006 1448 ’

192 1535 239 1574 nes
254 1515 372 1572 adducit:
396 1530 434 1578 ae,
457 1529 490 1566 ne
504 1509 675 1567 dissensionis
688 1508 797 1564 initium
811 1518 913 1566 natum
927 1510 985 1565 sede
1004 1531 1005 1540 ¹

192 1595 258 1648 tiosa
267 1591 383 1646 militum
395 1603 496 1658 suaque
505 1593 597 1641 natura
609 1584 750 1648 videretur,
767 1583 854 1640 simul
864 1593 898 1640 ut
906 1594 985 1640 oentrr

194 1668 224 1734 Q.
235 1666 364 1729 Cassium,
376 1664 422 1735 qui
433 1661 549 1718 Caesaris
559 1659 665 1714 nomine
676 1657 823 1713 maioribus
832 1660 943 1714 viribus
956 1658 984 1714 uti

192 1742 340 1802 videbatur,
363 1743 586 1809 aequepotentem
600 1740 740 1805 opponeret
753 1731 928 1806 dignitatem,
945 1735 983 1790 Cn.

194 1817 316 1888 Pompeio
326 1831 354 1869 se
363 1812 524 1884 provinciam
538 1825 689 1880 recuperare
702 1807 770 1862 velle
783 1808 878 1878 palam
892 1811 985 1864 dietite

193 1893 252 1946 bat:
272 1899 298 1945 et
307 1889 414 1943 lorsitan
423 1887 501 1942 etiam
514 1883 657 1939 hocleoerit
666 1882 726 1938 odio
735 1881 860 1938 Caesaris
870 1892 897 1939 et
908 1899 984 1940 emon

194 1963 321 2034 Pompeii,
340 1963 417 2018 euius
430 1977 526 2016 nomen
540 1958 655 2014 multum
665 1963 763 2029 poterat
772 1957 846 2028 apud
857 1976 904 2014 eas
915 1959 985 2032 legis

194 2056 250 2102 nea
262 2055 329 2108 quas
338 2037 462 2092 ld.Varro
471 2035 631 2099 obtinuerat;
645 2032 706 2097 sed,
715 2031 805 2101 idque
814 2043 984 2099 menteeone
1004 2081 1005 2090 ,

194 2112 284 2167 munis
297 2118 351 2164 erat
363 2111 522 2175 eonieetura;
542 2116 611 2163 certe
620 2108 669 2162 hoc
681 2123 742 2178 prae
755 2123 784 2160 se
795 2107 915 2163 Thorius
931 2109 984 2162 lere·
1004 2095 1005 2160 l

194 2189 252 2254 bat3
274 2183 370 2240 milites
380 2185 443 2239 adeo
456 2183 611 2248 fatebantur,
624 2190 654 2238 ut
663 2175 712 2238 Co.
723 2182 840 2252 Pompeii
853 2200 950 2238 nornen
963 2183 984 2234 in
1004 2161 1005 2232 l

195 2261 276 2324 sentis
286 2259 441 2331 inscriptum
455 2257 588 2312 haberent.
612 2259 746 2329 Frequens
764 2254 918 2328 legionibus
933 2275 983 2311 oon

196 2345 290 2394 ventus
309 2335 414 2392 obviarn
438 2330 537 2405 prodit,
569 2349 654 2404 neque
673 2338 775 2386 tantum
794 2331 927 2396 virorum,
946 2328 984 2384 sed

196 2416 275 2469 etiam
283 2419 398 2466 matrum
408 2407 559 2464 lamiliasao
571 2413 803 2478 praetextatorum3
824 2405 983 2476 deprecatur·

196 2505 257 2559 que,
274 2505 307 2542 ne
321 2484 410 2540 hostili
422 2483 536 2539 adventu
547 2480 695 2536 Cordubam
708 2479 865 2550 diriperent.
888 2497 949 2534 nam
962 2495 983 2532 se

196 2568 285 2614 eontra
295 2560 416 2620 Cassium
426 2553 522 2613 sentila
531 2571 591 2608 curn
600 2553 739 2624 omuibus;
759 2553 983 2610 oonuaCaesarem

197 2633 321 2692 nefacere
329 2641 490 2708 regerentur,
500 2644 581 2684 orare.
