2044 2992
156 141 160 151 ¹
222 137 478 184 Htsrnutuusu
508 138 689 185 caruere.
802 133 851 188 509

12 295 13 318 Χ
54 247 168 304 tempore
187 239 331 305 confictum.
364 235 483 290 Colortos
503 241 531 290 in
552 242 638 292 antaeo
656 240 735 292 Iubeo
756 242 792 292 od
807 257 853 293 vos

12 319 13 328 ¹
52 316 165 365 mittere.
195 310 311 378 Profecto
324 319 412 363 nostro
428 319 567 366 commeatu
578 315 687 379 privotr',
707 317 853 366 necessario

51 387 443 440 oddimleondumoleseendent.

110 457 223 512 XXVII.
243 458 393 528 Insequenti
403 465 519 528 tempore
528 473 613 527 quum
628 457 708 512 nostri
719 465 814 512 temere
825 459 852 514 in

52 547 134 603 opere
143 530 250 584 distenti
258 537 352 597 essent,
364 532 465 602 equites
477 531 504 584 iu
514 531 617 595 oliveto,
631 530 695 586 dum
705 531 850 604 liguentur,

53 603 184 660 interfecti
197 611 261 658 sunt
274 605 384 676 aliquot.
408 605 483 660 Servi
498 604 704 678 transfugerunt,
720 606 767 676 qui
783 623 854 660 nun-

53 681 201 740 ciaverunt,
218 696 243 731 a.
255 677 282 731 d.
298 681 342 734 Ill.
353 681 420 733 Non.
435 679 541 734 lllartlas
554 679 693 749 proelium,
709 677 854 734 adSorica-

53 755 124 808 riom
138 751 210 822 quod
226 750 321 807 lactum
333 762 380 818 est,
395 771 434 812 nex
447 771 478 807 eo
491 761 607 824 tempore
620 753 720 810 metum
729 770 788 810 esse
797 769 855 807 ma-

12 841 13 850 *
53 843 143 900 gnum
153 833 179 880 et
192 825 293 880 Attium
308 829 406 882 Varum
421 826 519 882 circum
534 827 639 882 castella
656 844 792 898 praeesse„
803 827 853 884 ‚Eo

12 919 13 922 ¹
53 902 99 956 die
108 900 248 969 Pompeius
257 909 339 956 costra
350 902 432 956 movit
445 909 470 956 et
478 909 568 956 eontra
581 901 710 973 Hispalim
722 905 747 956 in
759 900 854 958 oliveto

53 974 202 1030 constituit.
235 975 338 1040 Caesar,
361 977 518 1046 prIusquam
541 975 632 1030 eodem
654 984 693 1030 est
711 975 851 1047 profectus,

54 1050 120 1104 lune
131 1048 194 1102 hora
203 1047 303 1104 circiter
312 1051 347 1104 VI
358 1050 414 1104 visa
423 1057 472 1102 est.
493 1049 529 1103 lto
538 1051 631 1104 cestris
642 1050 720 1104 motis
729 1049 851 1117 Ucubim,

53 1122 199 1192 I’onrpeius
209 1122 379 1191 praesidium,
391 1121 464 1192 quod
473 1121 588 1191 reliquit,
601 1123 678 1176 iussit
687 1123 855 1178 intenderent

54 1205 90 1258 et,
104 1195 197 1250 deusto
207 1195 311 1266 oppido,
323 1197 351 1250 ln
360 1203 444 1256 cestra
454 1194 552 1248 maiora
562 1213 590 1249 se
599 1196 751 1266 reciperent.
781 1197 855 1252 Inse-

55 1268 150 1342 quenti
161 1275 277 1337 tempore
285 1269 454 1339 Ventisponte
463 1268 591 1339 oppidum
605 1286 691 1339 quum
700 1286 855 1344 oppugnare

53 1342 194 1413 coepisset,
209 1341 340 1398 deditione
349 1341 423 1406 lacta,
439 1343 486 1395 iter
497 1341 592 1398 lecitin
602 1342 742 1397 Carrucam
753 1351 856 1398 contre-

55 1416 270 1491 quePompeium
281 1423 364 1470 castro
372 1416 470 1486 posuit.
491 1415 630 1486 Pompeius
640 1415 856 1487 oppidum,quod

55 1498 147 1548 contra
157 1507 205 1544 sua
219 1487 445 1561 praesididportas
454 1488 600 1554 clausisset,
615 1489 745 1557 incendit;
766 1489 856 1544 miles·

55 1583 121 1639 que,
133 1567 180 1637 qui
189 1563 295 1619 fratrem
305 1580 386 1620 suum
396 1564 424 1618 in
434 1564 525 1618 cestris
534 1562 855 1635 iugulasset,interceptus

56 1647 98 1696 est
111 1656 127 1692 a
141 1638 238 1692 nostris
252 1645 277 1692 et
290 1637 353 1692 lusti
367 1655 519 1709 percussus.
549 1639 616 1692 llino
626 1637 718 1694 itinere
730 1637 807 1702 lacto,
827 1639 855 1692 in

56 1729 183 1783 campum
192 1711 366 1768 Mundensem
377 1729 463 1786 quum
470 1721 538 1767 esset
546 1719 665 1777 ventum,
673 1717 757 1768 castra
767 1719 855 1769 eontra

55 1787 214 1856 Pompeium
224 1787 369 1841 constituit.
803 1817 805 1822 .

114 1861 234 1916 XXVIII.
254 1859 380 1932 Sequenti
388 1860 431 1915 die
440 1877 525 1932 quum
535 1859 583 1914 iter
593 1859 675 1916 fecere
690 1860 784 1915 Caesar
792 1877 854 1916 cum

55 1935 140 2007 oopiis
151 1934 238 1998 vellet,
250 1935 433 1990 renunciatum
445 1941 484 1988 est
497 1934 530 1988 ab
544 1933 760 2005 speculatoribus,
778 1935 856 1988 Pom·

55 2011 148 2083 peium
157 2008 190 2064 de
199 2010 273 2064 tertia
283 2009 374 2082 rigillo
385 2009 412 2065 in
426 2009 480 2063 acie
493 2009 604 2063 stetisse.
625 2009 678 2062 Hoc
691 2008 789 2064 nuncio
807 2008 856 2063 od-

56 2086 119 2146 lato,
131 2083 258 2139 vexillum
269 2084 416 2156 proposuit.
436 2081 533 2138 Idcirco
542 2083 612 2142 eninr
622 2082 709 2153 copies
719 2081 853 2147 eduxerat,

57 2157 132 2228 quod
142 2159 343 2214 Ursaonensium
352 2157 452 2216 civitati
462 2156 573 2227 luissent
582 2155 708 2212 tonores:
728 2155 857 2212 enteelit-

56 2239 127 2284 teras
137 2231 250 2297 miseret,
268 2231 403 2288 Gaesarem
418 2235 486 2286 nolle
500 2236 528 2285 Io
543 2233 683 2286 conuallem
696 2235 855 2293 descendero,

58 2307 129 2374 quod
148 2310 269 2358 maiorem
285 2316 387 2374 portem
400 2312 531 2360 exercilus
545 2311 652 2360 tironem
666 2307 779 2360 tuomet.
804 2305 857 2358 lloe

58 2379 160 2433 litterae
170 2377 334 2433 vehementer
342 2379 534 2450 confirmabunt
543 2386 643 2434 mentes
652 2370 855 2448 oppidanorum.

57 2455 106 2514 lta,
118 2452 168 2506 hac
175 2451 299 2524 opinione
308 2451 398 2518 fretus,
410 2461 493 2508 totum
503 2467 532 2506 se
541 2452 623 2506 Iacere
631 2468 710 2524 posse
722 2451 858 2506 existima·

57 2529 118 2584 bet:
140 2527 236 2581 etenim
249 2533 274 2579 et
283 2535 375 2581 notura
389 2527 437 2582 loci
453 2525 647 2589 defendebatur,
669 2533 695 2580 et
709 2525 796 2597 ipsius
810 2542 858 2598 op

57 2601 116 2676 pidi
128 2600 282 2667 munitione,
297 2600 345 2656 ubi
359 2609 442 2658 castra
454 2599 548 2657 habuit
560 2601 707 2663 constituta.
727 2601 857 2673 Namque,
880 2607 884 2614 '
