2072 2998
175 143 223 199 448
376 151 426 199 DE
447 147 569 196 Baubo
594 140 760 194 sabuco

175 263 236 306 eum
246 247 389 322 eapraeda,
405 263 487 318 quam
496 247 524 301 in
534 245 609 300 silvia
618 243 800 316 deposuerant,
813 251 887 300 trans
896 244 966 301 ane-
1020 241 1021 266 *

175 341 242 381 num
254 341 310 379 sese
319 327 479 394 receperunt.
498 319 536 374 An
544 326 633 374 tantus
643 318 693 373 tuit
705 319 783 374 etiam
796 326 854 390 post
867 319 967 376 dunes-

176 417 237 455 sum
250 398 366 453 hostium
379 405 468 460 terror,
489 401 519 448 ut
531 410 561 448 ea
576 400 657 457 noete,
678 410 763 464 quum
777 391 806 449 C.
816 391 967 451 Volusenus

176 475 346 530 missusoum
357 469 474 544 equitatu
485 468 610 528 edoastra
622 467 745 533 uenisset,
766 466 847 523 sidem
860 485 915 525 non
929 468 967 524 ie-

175 557 256 614 eeret,
277 547 368 603 adesse
388 557 449 599 oum
472 541 597 597 ineoiumi
615 541 751 596 Caesarem
769 542 896 598 exercitu.
925 544 968 598 Sia

176 624 297 679 omnium
306 621 408 680 animos
418 619 495 673 timor
503 623 742 688 praeoooupaverat,
756 624 894 688 ut,‹paene
902 617 966 673 alie

177 706 237 754 nata
247 703 342 760 mente,
363 691 687 762 deletisomnibuseopiis,
708 691 854 763 equitatum
863 699 966 748 ennom

175 789 247 828 saex
257 769 319 844 iuga
329 768 463 840 reoapisse,
470 767 594 831 uiuerent,
603 775 698 837 neque,
706 764 833 820 incolumi
839 768 964 832 exercitu,

177 847 321 908 Germanos
343 850 426 898 castra
448 848 645 914 oppugnaturos
670 838 752 894 tuisse
771 840 965 898 eontenderant.
1018 799 1021 926 i

177 921 261 987 Quem
271 919 391 974 timorem
400 915 517 973 Caesaris
527 915 655 970 adventus
664 913 777 968 sustulit
946 967 949 972 ,

231 993 311 1047 XLII.
331 993 460 1047 Reversus
479 989 531 1056 ille,
555 997 664 1045 eventus
682 987 744 1044 belli
762 1005 814 1044 non
828 988 965 1062 ignorans,

177 1085 271 1132 unum,
295 1066 367 1140 quod
384 1065 501 1121 cohortes
518 1081 552 1119 ex
569 1064 678 1119 statione
690 1071 715 1118 et
733 1063 862 1135 praesidio
882 1074 968 1121 essent

178 1143 295 1207 emissae,
307 1147 425 1214 questus,
438 1157 470 1194 ne
479 1139 591 1194 minimo
599 1138 707 1211 quidem
717 1153 779 1192 casu
790 1136 877 1194 iooum
888 1139 968 1195 relin-

178 1217 224 1290 qui
234 1214 364 1281 debuisse,
385 1214 500 1271 multum
514 1213 645 1270 fortunam
658 1213 687 1268 in
701 1213 837 1285 repenu'no
850 1213 969 1270 hostium

178 1292 291 1346 adventu
302 1289 415 1363 potuisse
425 1287 561 1356 iudieavit;
578 1287 661 1343 multo
670 1287 746 1342 etiam
755 1285 881 1358 amplius,
896 1289 969 1362 quod

178 1383 260 1438 paene
269 1366 302 1422 ab
312 1366 369 1439 ipso
378 1364 447 1421 vallo
460 1364 594 1437 portisque
603 1370 747 1417 castrorum
756 1361 882 1417 barbaros
893 1382 969 1420 aver·

178 1443 257 1497 iisset.
277 1439 396 1509 Quarum
414 1439 534 1495 omnium
549 1455 637 1492 rerum
651 1437 766 1492 maxime
780 1435 969 1495 admirandum

178 1517 331 1583 videbatur,
353 1515 424 1590 quod
443 1513 580 1577 Germani,
602 1511 648 1584 qui
668 1527 699 1566 eo
717 1509 824 1566 oonsilio
842 1511 969 1569 Rhenum

177 1593 341 1658 transierant,
353 1589 552 1664 utAmbiorigis
562 1587 627 1641 fines
636 1584 864 1658 depopularentur,
881 1587 917 1642 ad
926 1605 970 1642 m·

178 1676 231 1723 stra
240 1669 417 1722 Romanorum
426 1663 513 1729 delati,
528 1659 878 1734 optatissimum'bmbierigi
889 1661 970 1718 bene-

178 1743 269 1798 ficium
282 1737 443 1807 obtulerint„
557 1764 561 1772 ,

233 1811 326 1870 xtut.
346 1815 454 1877 Caesar,
473 1829 565 1866 rursus
583 1810 617 1865 ad
636 1807 768 1864 vexandos
782 1807 869 1864 hostes
882 1809 970 1880 proie-

178 1898 245 1954 ctus,
267 1904 363 1962 niagno
371 1894 457 1942 ooaoto
466 1903 576 1940 numero
584 1903 618 1940 ex
629 1883 749 1940 finitimis
757 1883 919 1950 civitatibus„
941 1885 969 1939 in

179 1979 272 2018 omnes
281 1970 367 2034 partes
375 1961 491 2016 dimittit.
512 1959 611 2015 Omnes
621 1959 674 2014 aiei
686 1965 764 2030 atque
777 1958 865 2013 omnia
876 1959 970 2014 aedib-

179 2037 430 2109 usquequisque
443 2043 620 2107 conspexerat,
634 2033 852 2088 inoendebantnr:
873 2034 970 2104 praeda

179 2129 213 2168 ex
221 2112 346 2168 omnibus
355 2109 418 2165 locis
428 2111 565 2184 agebatur:
579 2110 708 2164 frumenta
718 2106 862 2163 noneolum
873 2125 889 2162 a
899 2116 970 2163 tanta

179 2185 348 2242 multitudine
357 2185 534 2240 iumentorum
543 2194 621 2258 atque
629 2167 768 2240 hominum
777 2184 971 2240 consumeban-

179 2270 231 2328 tur,
250 2260 296 2316 sed
305 2260 383 2316 etiam
392 2261 455 2315 anni
467 2269 582 2332 tempore
594 2268 672 2335 atque
681 2258 812 2316 imbribus
821 2259 971 2328 procubue-

179 2345 251 2406 rant;
272 2342 311 2401 nt,
326 2335 494 2408 siquietiam
504 2334 685 2408 inpraesentia
698 2331 917 2398 seoccultessent,
933 2342 972 2388 te-

179 2411 293 2477 meniis‚
312 2410 554 2475 deduuteexeroitu,
571 2425 658 2463 rerum
668 2407 788 2463 omnium
798 2407 972 2479 inopiapere-

180 2485 283 2541 undum
293 2485 434 2541 videretur.
455 2485 492 2539 Ac
501 2501 577 2554 saepe
590 2483 617 2538 in
627 2498 689 2538 eum
703 2481 790 2537 locum
799 2489 911 2537 uentum
921 2491 969 2546 est,

179 2567 251 2614 tanto
261 2561 288 2614 in
297 2560 385 2614 omnis
393 2559 475 2632 partis
483 2558 568 2614 diviso
577 2559 702 2629 equitatu,
711 2563 742 2610 ut
750 2553 828 2610 medo
837 2556 972 2612 visumab

181 2649 209 2686 se
218 2633 397 2710 Ambiorigem
405 2635 434 2690 in
445 2633 508 2708 iuga
516 2633 621 2708 captivi,
642 2647 690 2689 neo
702 2629 781 2703 plane
792 2629 872 2686 etiarn
881 2631 972 2688 abisse
