2042 3004
192 107 240 162 tea
394 109 425 158 a.
444 107 574 156 umrrr
589 107 639 152 ne
657 90 784 153 u'rruuo

190 211 242 268 bus
251 207 388 284 praesidiis
399 208 516 264 cohortes
527 203 618 262 eduxit
629 212 709 277 atque
722 223 820 262 omues
833 223 900 264 suas
910 204 987 277 copae

191 289 218 344 iu
230 303 322 358 campo
332 282 466 340 instruxit.
486 280 655 352 &pineus
664 279 737 336 male
750 282 880 353 acceptis,
895 279 985 336 occisis.

191 359 446 430 munimentisque,
469 356 536 421 intre
555 373 618 410 suas
636 354 773 413 continere
788 373 818 412 se
837 357 987 412 munitiones

191 435 284 508 eoepit.
306 433 408 498 Caesar,
431 434 556 486 instructa
570 429 632 494 acic,
650 427 804 486 secundum
818 431 932 488 infimas
944 431 987 502 iugi

192 511 301 574 radices,
310 508 418 581 propius
427 505 586 562 munitiones
597 503 689 560 leniter
696 505 817 560 sucessit
828 507 943 579 lamque
950 505 987 560 ni-

193 603 245 644 nus
257 584 330 641 mille
339 598 466 655 passuum
480 580 513 637 ab
526 578 623 650 oppido
634 579 717 645 Uzita,
735 579 813 651 quod
824 580 919 654 Scipio
932 590 989 635 teue-

192 659 367 727 eatetenus
375 657 490 730 legiones
499 653 625 718 lulianee,
634 669 722 725 quum
728 653 832 725 Scipio.
845 658 989 720 vetitaque

191 735 322 808 oppidum
332 732 468 796 amitteret,
478 729 550 786 unde
559 729 652 801 aquari
661 727 835 802 reliquisque
844 731 931 787 rebus
940 730 988 784 sule

195 809 276 868 levari
286 809 346 866 eius
355 804 483 866 exereitus
493 811 638 868 consuerat.
652 802 756 860 eductis
765 806 902 862 omnihus
911 805 986 877 coptu.

195 879 362 956 quadruplici
372 880 426 934 acie
439 880 565 934 instructa
575 895 608 934 ex
617 878 738 933 instituto
748 896 809 944 suo,
823 881 986 952 primaeque

195 959 244 1015 stri
253 955 387 1016 turmatim
398 953 504 1019 directa,
516 953 713 1025 elephantisque
722 955 987 1028 truritisinterposiru

197 1031 366 1102 armatisque,
389 1029 522 1101 suppetias
536 1029 573 1084 ire
586 1028 729 1085 contendit.
750 1027 833 1095 Quod
845 1030 897 1089 ubi
912 1031 988 1087 caea

196 1104 391 1170 animadvertit,
397 1105 547 1168 arbitratus,
554 1103 702 1175 Scipionem
712 1102 747 1158 ad
757 1103 948 1163 dimicrutdum
956 1123 989 1176 pe

196 1189 283 1240 retum
294 1179 365 1243 adse
375 1186 444 1237 certo
457 1180 547 1237 auimo
560 1178 659 1244 venire,
679 1177 708 1234 in
716 1194 750 1248 eq
759 1177 829 1244 loeo,
846 1198 906 1254 quo
918 1179 988 1253 paullo

196 1263 257 1314 ante
273 1254 485 1320 commemoravi,
496 1305 498 1314 ,
508 1261 569 1314 aute
584 1252 713 1324 oppidum
730 1255 856 1310 constitit
873 1270 989 1326 suamque

198 1332 280 1392 aciem
290 1330 406 1389 mediam
415 1347 447 1386 ee
457 1327 554 1402 oppido
567 1327 645 1398 texit,
663 1327 794 1394 dextrum
808 1330 990 1402 sinistrumque

198 1424 291 1474 eoruu,
303 1407 350 1476 uhi
359 1405 489 1478 elephanti
499 1410 582 1470 eraut,
597 1402 626 1460 iu
637 1411 780 1477 conspectu
794 1407 996 1476 patentiadree

198 1482 330 1543 sariorum
338 1481 461 1541 constitit.

253 1557 336 1617 XLII.
356 1555 508 1624 Ouumiam
517 1551 989 1626 prepesolisaecasumdaeserexspe

199 1633 331 1700 oravisset,
347 1629 588 1703 nequeexeoloco,
609 1645 663 1700 quo
673 1627 836 1694 constiterat,
856 1630 988 1703 Scipioueu

199 1705 322 1781 progredi
332 1707 441 1778 propius
455 1723 484 1760 se
496 1702 732 1767 aninadvorttsser.
748 1701 963 1779 locoquefflagis
973 1723 989 1756 s.

200 1781 347 1847 defendere,
368 1781 443 1839 sires
455 1779 591 1852 coegisset,
611 1777 839 1850 quamincampe
855 1781 989 1838 comminus

201 1857 341 1918 consistere
353 1856 461 1924 auderat
482 1871 536 1920 aen
549 1859 589 1910 est
600 1851 733 1910 usuratio
741 1853 857 1924 propius
867 1855 989 1913 accedero

201 1950 232 1988 eo
240 1931 283 1988 <lio
290 1930 325 1986 nd
335 1929 472 2004 oppidum,
484 1928 611 2001 quoniam
621 1927 658 1984 ihi
668 1926 834 1998 praesidium
842 1931 990 2004 grandeni-

202 2005 336 2065 midarum
352 2023 410 2062 esse
430 2009 599 2078 cognoverat,
623 2001 766 2072 hostesque
784 2003 910 2068 mediam
929 2007 989 2061 acieu

202 2079 504 2150 suamoppidoterisse;
525 2078 630 2150 sibique
639 2075 746 2133 difficile
755 2075 990 2140 tarmesmioele

202 2155 252 2226 orit,
259 2152 339 2210 simul
350 2161 374 2208 et
383 2153 575 2226 oppidumuuo
584 2153 991 2237 temporeeppuguare,etinrrie

203 2232 233 2293 in
247 2246 329 2286 cornu
347 2227 439 2287 dextro
451 2245 481 2284 ae
494 2227 601 2288 sinistro
611 2243 648 2285 ea
654 2226 789 2298 iniquiore
800 2225 990 2305 leempuguare.

203 2304 357 2380 praesertim
377 2319 461 2374 quum
477 2301 575 2358 milites
585 2319 600 2356 a
609 2317 687 2356 mene
699 2299 752 2356 drer
765 2302 923 2370 rerunieub
932 2302 991 2368 ermis

205 2381 337 2452 stetissent
345 2375 485 2452 defetigeti.
499 2375 713 2448 ltaquereductis
720 2375 780 2430 suis
790 2377 878 2448 copiis
884 2379 911 2436 in
918 2388 991 2439 aestu.

204 2461 309 2538 postero
321 2451 364 2508 die
375 2451 485 2526 propius
498 2465 590 2509 eerrun
604 2444 823 2515 aeiemiestituit
842 2456 993 2526 exporrigere

206 2535 993 2662 mullili'uuucontinentissimorum
