2078 2996
169 147 219 200 330
400 151 451 198 DE
468 150 595 214 BELLQ
615 147 742 196 CIVILI

168 255 307 310 Caesarem
315 247 470 307 veniebant:
490 267 521 306 ec
529 245 674 306 nonnullae
681 249 739 304 eine
751 249 789 304 rei
800 257 980 322 praetermis·
1018 255 1019 286 ³

168 346 214 384 sae
222 327 371 383 occasiones
380 325 484 382 Caesari
493 324 660 390 videbantur,
674 324 746 397 qiiod
754 333 825 381 certe
834 343 919 398 saepe
932 327 979 383 fla·

167 409 261 459 verant
275 401 356 467 venti,
376 401 477 473 quihus
491 399 636 454 necessario
649 399 873 456 committendum
882 403 980 458 existi-

168 479 271 534 mabat:
292 483 444 550 quantoque
452 475 510 530 eius
526 474 641 547 amplius
658 483 820 547 prcoesserat
833 478 977 548 temporis,

168 561 241 609 tanto
250 549 468 609 erantelacricree
478 549 512 606 au
525 549 667 616 custodias,
687 550 736 622 qui
748 548 884 606 classium
898 569 979 624 prae-

168 637 256 696 erant;
282 626 462 698 maioremque
478 625 603 682 fiduciam
617 623 776 696 prohibendi
794 624 938 682 habehant
955 635 980 682 et

169 703 268 777 crebris
278 701 396 772 Pompeii
406 699 499 756 litteris
510 699 715 772 castigatione,
736 700 868 772 quoniam
887 703 979 774 primo

169 779 317 834 venientem
327 775 464 832 Caesarem
472 792 526 830 non
536 774 741 846 prohibuissent,
747 780 778 830 ut
786 773 908 847 reliquos
918 778 977 832 eius

169 852 299 909 exercitus
317 849 488 921 impedirent:
507 849 657 922 (lunasque
674 849 793 922 qnotidie
812 857 928 923 tempus
943 851 977 907 ad

169 923 402 998 transportandum
410 922 555 980 lenioribus
565 924 652 981 ventis
658 923 853 996 exspectabant.
867 924 977 994 Quibus

170 1003 250 1058 rebus
264 1006 398 1072 permotus
417 998 512 1054 Caesar
528 999 702 1054 Brundisium
716 999 751 1054 ed
767 1016 834 1056 suos
851 1003 975 1058 severius

169 1072 360 1146 scripsit,nncti
368 1073 493 1130 idoneum
500 1082 610 1130 ventum
617 1075 820 1130 neoccesionem
827 1075 976 1150 navigandi

169 1151 340 1216 dimitterent,
353 1149 419 1204 sive
430 1148 544 1204 adlitcra
556 1148 763 1221 Apolloniatium
776 1165 890 1208 cursum
908 1151 976 1206 diri-

169 1224 723 1372 mm
731 1225 975 1374 un

169 1375 222 1433 hus
230 1375 392 1431 committite
402 1392 455 1432 non
468 1374 603 1432 auderent.
750 1403 752 1408 ,

225 1451 322 1508 XXVI.
342 1449 975 1516 ulindnuitaanueciaetvirmte,administran-

170 1527 243 1582 tibus
253 1527 290 1583 M.
300 1524 415 1582 Antonio
426 1525 537 1582 etllulio
546 1525 652 1591 Caleno,
668 1525 787 1580 multum
798 1525 866 1598 ipsis
880 1525 975 1582 militi·

169 1602 223 1658 bus
232 1601 501 1673 hortantibus,neque
509 1599 596 1656 ullum
605 1599 753 1672 perieulum
761 1599 975 1672 pro-euluteCae·

171 1678 238 1732 saris
248 1677 440 1742 recusantibus,
452 1676 521 1731 nacti
530 1683 660 1740 austrum,
677 1691 760 1730 naves
771 1674 881 1732 solvimt
894 1684 974 1748 atque

172 1752 253 1806 altero
271 1750 314 1806 die
327 1750 493 1823 Apolloniam
506 1749 754 1824 Dyrrhachinmquo
766 1750 974 1824 praetervehun-

171 1835 223 1882 tur.
243 1825 295 1893 Qui
304 1843 391 1898 quum
400 1835 489 1882 essent
505 1843 539 1882 ex
550 1825 693 1882 continenti
708 1825 769 1892 visi,
785 1825 815 1882 C.
827 1825 970 1899 Coponius,

72 1924 77 1933 ¹
172 1902 220 1973 qui
232 1901 389 1973 Dyrrhachii
398 1900 475 1956 classi
485 1901 602 1956 Rhodiae
611 1907 735 1972 praeerat,
751 1917 833 1956 neree
846 1917 880 1956 ex
892 1909 971 1972 portu
1018 1969 1019 1974 ἵ

172 1974 260 2029 educit
269 1981 302 2038 et,
321 1991 407 2046 quum
417 1975 471 2030 iem
479 1976 577 2034 nostris
586 1975 736 2030 remissiore
743 1983 823 2032 vento
830 1975 972 2048 adpropin-

172 2055 307 2120 quassent,
315 2047 385 2102 idem
391 2058 479 2106 auster
486 2049 771 2122 increbuitnostrieque
777 2049 908 2122 praesidio
913 2047 972 2106 luit.

173 2125 266 2194 Neque
273 2138 337 2176 vero
344 2121 390 2180 ille
397 2123 432 2178 oh
443 2141 500 2178 eam
513 2141 637 2179 caussam
651 2133 746 2180 conatu
759 2124 909 2188 deemtehm,
926 2124 972 2180 sed

172 2193 262 2255 labore
270 2203 296 2251 et
304 2198 496 2268 perseverantie
506 2206 649 2256 nanterum
655 2217 686 2254 ee
695 2200 750 2256 vim
760 2201 922 2272 tempestatis
927 2217 973 2255 su·

172 2289 264 2347 perere
280 2287 357 2345 pcese
373 2274 502 2343 sperabat,
522 2281 763 2346 praetervectosque
779 2275 972 2348 Dyrrhachium

173 2365 271 2422 magna
282 2348 308 2402 vi
317 2347 389 2401 venti
398 2347 572 2406 nihilosecius
579 2350 745 2420 sequebatur.
765 2349 974 2414 Nostri,nsilcr-

174 2431 253 2478 tunae
263 2421 398 2487 beneficio,
406 2430 493 2478 tamen
503 2423 631 2494 impetum
639 2423 730 2478 classis
738 2423 874 2490 timebant,
882 2425 906 2478 si
911 2423 973 2482 lcrte

174 2505 270 2551 ventus
283 2496 436 2552 remisisset.
457 2498 532 2553 Nacti
546 2504 661 2568 portum,
677 2499 724 2569 qui
734 2496 880 2568 adpellatur
889 2501 972 2573 Nym·

174 2571 300 2640 phaeum,
312 2569 381 2626 ultra
391 2572 497 2626 Lissum
508 2569 591 2626 millia
599 2587 727 2640 passuum
737 2572 833 2632 tria‚ec
842 2589 923 2628 naves
932 2575 972 2628 in·
1018 2637 1019 2640 Ἴ

174 2643 358 2712 troduxerunt,
374 2643 430 2720 (qui
440 2655 532 2721 portus
542 2646 575 2702 ab
585 2643 664 2701 africo
678 2645 821 2720 tegebatur,
836 2645 871 2700 ah
886 2655 972 2704 austro
