2078 2996
180 149 229 202 350
406 153 456 198 DE
473 153 598 198 nmo
617 150 740 198 ctvm

178 253 330 310 tentionem
338 252 473 308 adomnes
482 251 591 308 adtulit:
611 251 693 323 idque
708 251 745 306 ita
756 267 827 316 esse,
844 269 941 325 quum
955 271 986 308 ex

179 327 519 390 aliorumobieetationibus,
527 335 584 380 tum
594 327 672 380 etiam
681 325 874 382 exdomestim
884 329 986 384 iudicio

179 411 258 476 atque
270 402 353 458 animi
362 402 518 458 museientia
532 399 727 474 intellegebant.
746 399 806 466 Quo
814 401 929 472 pudore
942 404 985 458 ad-

179 479 251 534 ducti
265 486 291 532 et
303 477 412 532 fortasse
425 493 478 532 non
491 492 522 530 se
534 474 648 540 liberari,
668 474 716 528 sed
733 475 763 530 in
781 474 862 532 aliud
874 485 984 550 tenpus

180 552 307 608 reservari
316 551 443 616 arbitrati,
453 549 586 606 discedere
598 548 632 604 ab
642 549 719 606 nobis
733 555 759 603 et
767 567 871 606 novam
882 561 984 608 terimi

180 627 312 685 iodunam
329 642 465 698 novasque
481 624 594 696 experiri
616 623 745 678 amicitias
765 626 983 682 constituerunt:
1015 655 1016 674 κ

180 711 277 758 etcum
289 700 381 772 paucis
389 699 510 756 mliomti
518 698 658 754 clientibus
670 699 738 762 suis,
754 699 862 771 quibus
874 709 982 758 tantum

179 777 282 832 facinus
302 775 464 830 summittere
481 773 627 840 audebant,
649 774 768 845 primum
790 775 884 830 eonati
908 787 981 840 sunt,

179 850 338 924 praefectum
356 849 492 920 equitum,
515 849 545 904 (L
563 847 741 913 Volusenum,
765 847 937 916 interficere,
957 861 983 906 ut

180 933 277 998 postea,
301 922 371 978 bello
383 921 507 988 oensem,
526 924 663 996 cognitum
675 929 729 989 αις
747 929 780 976 ut
790 939 858 979 eum
868 941 982 982 munere

180 1001 270 1070 aliquo
278 995 426 1070 perfugisse
433 996 468 1052 ad
480 999 635 1068 Pompeium
648 996 810 1052 viderentur.
830 999 981 1074 Postquam

180 1074 208 1128 id
216 1070 352 1128 difficilius
360 1071 450 1126 visum
459 1079 508 1137 est,
521 1089 609 1144 neque
615 1071 724 1128 seculus
733 1070 891 1143 perfidendi
901 1075 982 1132 daba-

179 1157 233 1211 tur,
254 1163 337 1218 quam
346 1147 478 1202 maximas
485 1154 628 1218 putuerunt
636 1146 760 1218 perturbas
770 1149 900 1214 mutuati,
923 1167 982 1222 pru

180 1222 242 1278 inde
254 1237 285 1276 ae
302 1221 360 1276 suis
378 1219 525 1276 satisfacere
537 1229 564 1276 et
575 1221 694 1276 fraudata
711 1221 849 1276 resumere
869 1223 979 1288 veilent,

180 1295 682 1369 multisooemtissquis‚adPompeium
691 1295 931 1354 transieruntcum
939 1301 979 1362 iis.

180 1390 248 1446 quus
257 1372 301 1428 sui
309 1371 413 1428 consilii
423 1373 561 1444 partieipae
571 1371 709 1426 hebebant

234 1448 306 1504 LXI.
325 1447 398 1515 Quos
407 1447 557 1518 Pompeius,
568 1445 641 1517 quud
651 1451 725 1500 erant
737 1445 847 1500 honesto
856 1443 919 1502 loco
928 1449 980 1504 nati

180 1531 206 1580 et
214 1523 337 1580 instructi
347 1522 488 1578 liberaliter
496 1537 647 1594 magnoque
659 1519 785 1575 uomitatu
795 1527 821 1575 et
830 1521 931 1576 multis
940 1525 980 1578 iu-

181 1600 277 1656 mentis
285 1605 419 1659 veneant.
430 1597 535 1668 virique
543 1595 621 1650 fortes
630 1594 866 1650 habebunturetin
877 1595 979 1652 bonore

179 1673 253 1745 apud
261 1674 396 1730 Caesarem
406 1671 517 1736 firmant,
528 1669 653 1744 quodque
660 1677 979 1741 nommetpraetercon-

180 1748 349 1804 suetudinem
357 1747 491 1810 addiderat,
504 1746 650 1802 omniasua
659 1744 789 1816 praesidia
797 1745 979 1802 circumduxit

119 1860 125 1872 κ
180 1831 260 1896 atque
267 1823 419 1878 ostentavit:
440 1839 503 1878 nam
517 1829 577 1876 ante
590 1820 618 1874 id
631 1827 735 1890 tempus
749 1833 827 1874 nemo
840 1828 887 1874 aut
899 1821 977 1876 miies

180 1905 228 1952 sut
244 1914 327 1968 eques
346 1915 362 1951 a
380 1896 490 1952 Caesare
507 1896 542 1950 ad
555 1895 710 1966 Pompeium
722 1895 868 1958 transierat,
888 1912 975 1967 qum

180 1987 264 2043 pam
279 1971 398 2042 quetidie
414 1988 431 2024 a
446 1971 575 2042 Pompeio-
587 1967 622 2026 sd
642 1969 776 2024 Gaesarem
796 1968 972 2043 perfugerant,

182 2043 264 2116 vulgo
275 2061 338 2098 vero
346 2045 466 2100 universi
482 2046 511 2100 in
528 2045 611 2115 Epire
625 2051 704 2116 atque
721 2041 820 2098 Aetolia
834 2046 974 2117 mnsmipti

180 2117 287 2182 milites.
308 2134 454 2190 earumque
462 2119 599 2192 regionum
609 2119 740 2182 omnium,
759 2135 853 2189 quaes
865 2119 974 2174 Caesare

182 2191 344 2250 eumanum
363 2193 463 2258 Sedhi,
479 2193 592 2266 cognitis
601 2193 728 2248 omnibus
738 2193 831 2258 rehum
851 2193 974 2264 seuquid

181 2270 212 2327 iu
220 2266 414 2324 munitionibus
422 2265 567 2339 perfectum
575 2283 629 2322 nun
637 2275 701 2332 erat,
713 2283 760 2322 seu
768 2267 836 2340 quid
844 2286 860 2323 a
869 2270 972 2338 peritio-

181 2345 257 2400 ribus
265 2345 302 2400 rei
311 2342 434 2399 militaris
442 2341 586 2398 desiderari
595 2341 748 2411 videbatm
758 2343 972 2414 temporibusque

180 2435 271 2474 rerum
279 2427 305 2474 et
313 2419 405 2490 spatiis
414 2417 531 2473 lusorum
539 2425 566 2472 et
576 2416 755 2472 mstodisrum
763 2417 867 2472 viribus
874 2433 905 2472 ac
912 2417 973 2472 diii-

180 2494 269 2565 gentis
279 2493 470 2558 animadversa,
488 2500 567 2564 prout
574 2491 813 2562 cuiusquam,
833 2491 881 2562 qui
892 2508 973 2564 nego-

180 2566 380 2635 tiispraeerant,
400 2576 446 2623 aut
455 2575 547 2622 netum
556 2572 602 2622 aut
614 2565 734 2622 studium
743 2564 849 2630 ferebat,
868 2565 972 2620 baeuad

182 2640 338 2710 Pompeium
346 2641 597 2700 omniadetuleraut
