2078 2996
300 143 370 188 LIB.
383 143 429 188 111.
460 143 540 190 CAP.
554 136 672 191 5446,
830 141 878 196 347

83 243 158 298 onim
178 257 255 313 opera
273 241 409 297 castellum
428 259 577 318 magnaex
599 251 673 316 parte
697 254 879 302 conservatum

12 339 13 342 ¹
82 335 142 373 esse
155 316 303 372 constabat:
324 317 509 390 cohortemque
521 319 614 390 postea*
622 318 722 391 duplici
739 321 877 392 stipendio,

82 392 225 457 frumento,
245 399 318 447 veste
329 399 357 448 et
372 391 431 446 aliis
450 391 611 448 militaribus
625 393 702 449 donia
714 393 879 466 amplissime

12 467 16 514 't
82 467 201 522 donavit.

137 549 204 606 LIV.
226 550 380 622 Pompeius,
398 556 477 606 noctu
493 551 599 626 magnis
614 551 710 607 additis
724 552 878 608 munitioni-

12 635 13 640 ’
81 627 145 690 bus,
160 623 269 696 reliquis
278 625 373 680 diebus
381 631 466 680 turres
477 626 608 681 exstruxit
617 635 650 691 et,
674 627 702 682 in
712 626 877 682 altitudinem

80 700 183 774 pedum
197 699 347 772 quindecim
356 699 451 756 effectis
461 701 595 773 operibus,
614 701 696 756 vineis
706 718 764 756 eam
776 710 876 774 partem

81 781 230 829 castrorum
250 774 367 844 obtexitp
395 782 433 840 et,
456 776 576 848 quinque
594 776 751 831 intermissis
770 777 873 841 diebus,

12 855 14 906 Ξ
81 848 190 904 alteram
201 855 301 904 noctem
310 849 482 905 subnubilam
492 851 741 917 nactus,obstnuctis
750 852 876 906 omnibus

79 931 226 978 castrorum
245 925 327 996 portis
345 931 371 978 et
389 924 424 979 ad
441 925 637 997 impediendum
662 926 778 992 obiectis,
800 927 875 980 tertia

12 1007 14 1072 ξ
79 998 147 1054 inita
157 998 257 1072 vigilia,
271 998 374 1054 silentio
383 999 526 1056 exercitum
537 1000 632 1056 eduxit
642 1008 667 1056 et
676 1000 742 1058 sein
752 1002 874 1075 antiquas

12 1093 14 1114 t
78 1073 240 1130 munitiones
250 1074 353 1146 mcepit
434 1105 436 1110 ι

133 1182 188 1238 LV.
208 1181 317 1247 Aetolia,
333 1179 488 1248 Acarnania,
502 1180 684 1259 Amphilochis
692 1201 738 1256 per
752 1184 873 1241 Cassium

78 1257 232 1330 Longinum
240 1265 265 1312 et
275 1255 421 1314 Calvisium
431 1255 570 1322 Sabinum,
584 1263 615 1311 ut
623 1257 870 1324 demonstravimus,

79 1332 198 1402 receptis,
206 1331 358 1386 tentandam
368 1329 420 1384 sibi
429 1330 555 1385 Achaiam
564 1347 594 1385 ac
601 1330 689 1400 paullo
700 1331 804 1406 longius
812 1351 873 1404 pro-

76 1406 253 1480 grediendum
262 1403 429 1460 existimabat
439 1403 544 1460 Caesar.
563 1405 654 1476 Itaque
665 1423 695 1459 eo
704 1407 813 1460 Fufium
823 1407 873 1461 Ca-

77 1480 170 1544 lenum
182 1480 255 1534 misit
265 1489 291 1534 et
300 1477 331 1544 Q.
341 1477 470 1534 Sabinum
478 1486 505 1533 et
517 1477 638 1534 Cassium
652 1495 714 1533 cum
724 1479 873 1536 cohortibus

76 1555 207 1627 adiungit.
236 1553 356 1620 Quorum
369 1553 473 1625 cognito
488 1552 617 1618 adventu,
637 1553 752 1608 Rutilius
768 1555 870 1624 Lupus,

77 1630 126 1699 qui
136 1627 272 1692 Achaiam,
288 1627 555 1700 missusaPompeio,
577 1627 719 1694 obtinebat,
739 1627 872 1683 Isthmum

77 1702 245 1774 praemunire
266 1702 392 1766 instituit,
422 1709 453 1757 ut
469 1701 568 1758 Achaia
585 1701 693 1758 Fufium
712 1701 870 1774 prohiberet.

77 1776 192 1833 Calenus
210 1776 337 1848 Delphos,
357 1777 460 1834 Thebas
481 1785 506 1832 et
525 1776 720 1832 Orchomenum
738 1776 871 1834 voluntate

75 1851 350 1926 ipsarumcivitatum
370 1853 473 1924 recepit,
493 1851 636 1908 nonnullas
654 1852 733 1907 urbes
751 1869 797 1923 per
814 1853 870 1910 vim

75 1927 248 2002 expugnavit,
266 1927 380 1999 reliquas
390 1925 516 1994 ciuitates,
534 1926 871 2001 circummissislegationi·

74 2005 137 2069 bns,
148 2001 262 2066 amicitia
276 2002 380 2058 Caesari
394 2001 531 2058 conciliare
543 2002 674 2058 studebat.
693 2003 724 2058 ln
737 2003 780 2058 his
790 2004 869 2059 rebus
946 2056 949 2062 .

75 2077 128 2132 iere
138 2086 191 2134 erat
199 2077 293 2134 Fufius
303 2085 456 2150 occupatus.-

130 2185 194 2242 LVI.
212 2185 343 2242 Omnibus
352 2185 575 2259 deincepsdiobus
585 2186 679 2243 Cesar
687 2188 831 2244 exercitum
839 2187 868 2242 in
907 2200 911 2206 ’

78 2257 161 2314 aciem
171 2275 285 2334 aequum
299 2262 326 2317 in
336 2261 424 2317 locum
437 2260 572 2334 produxit,
588 2262 611 2316 si
621 2262 761 2336 Pompeius
770 2261 869 2334 proelio

76 2334 295 2401 decertareneliet,
306 2345 337 2392 ut
344 2353 427 2408 paene
435 2336 648 2408 eastrisPompeii
658 2337 773 2410 legiones
783 2334 869 2390 subii·
952 2387 956 2394 .

75 2415 157 2464 cenet:
177 2415 333 2482 tantumque
346 2429 361 2465 a
375 2409 444 2466 valio
456 2411 515 2466 aius
527 2410 613 2482 prima
627 2411 695 2466 acies
709 2410 810 2475 aberat,
828 2409 868 2464 uti

74 2501 108 2542 ne
117 2484 145 2539 in
160 2499 217 2538 eam
227 2481 308 2538 telum
322 2492 514 2540 tormentumve
527 2484 597 2558 adigi
611 2492 707 2556 posset.
727 2484 868 2554 Pompeius

75 2566 171 2625 autem,
186 2567 217 2614 ut
230 2557 326 2613 famam
341 2566 366 2614 et
379 2559 529 2632 opinionem
544 2560 685 2614 hominum
703 2565 809 2624 teneret,
829 2561 868 2614 sic

75 2649 123 2707 pro
134 2633 226 2690 castris
238 2633 381 2690 exercitum
394 2635 575 2701 constituebat,
595 2640 625 2690 ut
640 2633 716 2689 tertia
728 2634 795 2690 acics
809 2633 867 2689 val-
