2072 2998
123 159 129 170 ,
150 89 202 146 2³2
365 93 415 138 ou
437 93 560 138 eunuc
580 89 745 138 eunuco

152 201 224 262 sent,
244 192 378 266 simulque
384 211 415 248 se
427 201 451 248 et
460 192 586 248 honorem
596 209 676 247 suum
688 191 715 246 in
730 193 867 264 sequentis
881 194 941 250 ami
1021 251 1022 262 2

151 269 344 325 commendaret
355 268 485 340 petitione,
504 275 637 338 propterea
652 267 723 338 quod
738 267 881 323 insolenter
899 269 942 324 ad-

151 344 259 400 versarii
269 345 310 398 sui
319 343 499 418 gloriarentur,
516 343 547 396 L.
558 341 698 397 Lentulum
714 350 738 396 et
748 345 778 398 C.
789 343 941 398 Marcellum

152 419 224 476 Coss.
234 427 339 483 creatis,
362 419 410 489 qui
419 433 524 472 omnem
538 418 662 472 honorem
678 424 703 471 et
715 416 870 490 dignitatern
881 419 942 475 Cre-

152 495 219 550 saris
236 493 422 565 exspoliarent3
445 498 563 563 ereptum
579 491 634 546 Ser.
651 490 749 547 Galbae
765 493 941 558 consulatum,

153 587 237 642 quum
249 570 270 623 is
283 568 365 623 multo
374 566 434 639 plus
443 568 525 640 gratia
535 565 719 640 suffragiisque
729 566 865 632 valuisset,
873 569 942 640 quod
1021 597 1022 606 κ

153 645 203 698 sibi
213 644 367 698 coniunctus
377 650 402 698 et
410 641 583 698 familiaritate
594 649 620 696 et
632 641 823 698 necessitudine
837 641 944 718 legatio-

153 720 195 774 nis
204 726 279 772 esset.

207 793 249 846 Ll.
274 792 404 862 Exceptus
423 797 461 845 est
481 790 599 846 Caesaris
619 789 747 844 adventus
765 791 800 845 ab
818 793 943 848 omnibus

153 865 304 936 municipiis
313 873 339 919 et
347 866 455 920 coloniis
468 864 614 920 incredibili
627 865 724 923 bonone
746 873 824 937 atque
842 885 940 923 amore:

153 950 210 1010 tum
228 939 345 1010 primum
361 941 432 994 euim
446 945 566 994 veniebat
581 939 673 993 abillo
692 939 831 996 universae
845 941 944 997 Galliae

85 1055 90 1062 .
154 1013 231 1068 bello.
252 1014 323 1068 Nihil
333 1014 537 1086 relinquebatur,
548 1014 620 1085 quod
630 1013 790 1069 adornatum
799 1023 943 1086 porterum,

153 1088 287 1153 itinerum,
299 1088 413 1144 locorum
424 1090 553 1150 omniurn,
565 1106 617 1160 qua
627 1087 721 1144 Caesar
730 1091 816 1144 iturus
826 1100 890 1154 crat,
901 1107 947 1144 ex-

156 1157 262 1231 cogitari
276 1166 372 1229 posset.
392 1157 460 1213 Cum
475 1157 564 1212 liberis
577 1159 663 1212 omnis
682 1157 824 1214 multitudo
841 1161 946 1217 obviem

155 1231 321 1306 procedebat:
342 1233 574 1289 hostiaeomnibus
587 1231 649 1288 locis
664 1233 881 1290 immolabantur:
902 1236 948 1290 tri-

155 1308 242 1364 cliniis
253 1307 339 1362 stratis
352 1306 405 1362 lora
420 1307 568 1379 templaque
581 1307 782 1378 occupabantur,
803 1317 833 1362 ut
846 1310 887 1365 vel
901 1327 945 1365 ex-

156 1383 338 1456 spectatissimi
356 1383 483 1454 triumpbi
499 1381 593 1436 laetitia
612 1382 724 1454 praecipi
743 1391 841 1454 posset.
866 1386 947 1440 Tanta

156 1467 210 1515 erat
224 1459 416 1587 qiagniticentia
434 1457 505 1530 apud
523 1455 707 1529 opulentiores,
727 1457 858 1529 cupiditas
877 1459 947 1532 apud

156 1533 231 1592 humi
244 1535 317 1589 iores.
369 1535 371 1538 ’

211 1611 263 1665 Lll.
283 1609 473 1676 Quumomnes
487 1602 604 1680 regiones
619 1605 718 1661 Galliae
731 1607 841 1680 Togatae
853 1607 948 1664 Caesar

156 1686 367 1758 percucurrisset,
380 1700 484 1738 summa
494 1699 555 1736 cum
565 1679 693 1736 celeritate
702 1681 735 1735 ad
743 1683 886 1738 exercitum
896 1686 949 1739 Ne-
1021 1747 1022 1752 ἵ

157 1769 334 1828 rnetocennmn
348 1758 436 1813 rediit:
463 1756 662 1831 legionibusque
675 1773 708 1812 ex
721 1757 846 1812 omnibus
859 1758 949 1814 hiber-

157 1836 199 1890 nis
210 1835 242 1888 ad
252 1834 317 1890 linea
322 1834 486 1888 Trevirorum
497 1832 618 1895 evocetis,
630 1848 660 1886 eo
670 1831 799 1902 profectus
807 1839 847 1901 est
857 1832 947 1905 ibique

157 1909 300 1964 exercitum
310 1909 439 1963 lustravit.
461 1905 949 1980 T.Labicnun1GallieeTogateeprae-

157 1983 224 2046 ierit,
236 1999 294 2053 quo
299 1983 396 2036 maiore
408 1981 633 2036 commendatione
644 1981 824 2036 conciliaretur
839 1982 873 2036 ad
886 1999 949 2038 raou-

156 2055 258 2112 eulatus
280 2057 440 2126 petitionem.
474 2058 531 2128 lpse
556 2064 657 2110 tantum
681 2056 804 2110 itinerum
827 2055 946 2124 faciebat,

157 2127 360 2204 quantum'satis
370 2147 427 2184 esse
437 2131 470 2184 ad
480 2131 648 2186 mutationem
660 2130 784 2193 locorum,
793 2140 897 2202 propter
906 2147 949 2187 sa-

157 2205 316 2269 lubritatem,
329 2204 503 2260 existimabat.
524 2205 563 2258 lbi
576 2222 739 2278 quamquam
755 2206 844 2260 crebro
857 2206 950 2262 audie·

156 2284 210 2348 bat,
232 2281 378 2336 Labienum
391 2280 424 2336 ab
437 2278 550 2334 inimicis
563 2280 620 2334 auis
636 2281 782 2347 sollicitari;
803 2281 949 2354 certiorque

158 2357 243 2419 fiebat,
255 2350 282 2410 id
292 2356 333 2429 egi
343 2372 485 2426 pancorum
495 2352 619 2417 consiliis,
633 2363 670 2418 ut,
683 2355 832 2426 interposita
842 2365 948 2411 senatus

158 2430 314 2494 anctoritate,
335 2430 423 2500 aliqua
442 2436 514 2500 parte
527 2428 657 2482 exercitus
671 2429 947 2502 spoliaretumtamen

157 2505 283 2576 nequede
294 2506 406 2560 labieno
415 2503 523 2559 credidit
532 2501 688 2573 quidquem,
700 2521 793 2574 neque,
810 2511 899 2558 contra
908 2523 949 2560 see

158 2585 242 2637 uetus.
255 2580 431 2636 auctoritatem
449 2587 479 2636 ut
498 2572 598 2649 aliquid
618 2575 719 2644 laceret,
741 2578 824 2649 potuit
837 2579 946 2635 adduci:
