2072 2998
210 147 242 201 98
403 153 463 198 ‚DE
485 151 609 198 BELLO
628 150 797 198 GALLtco

203 252 383 309 -lieadbostes
393 251 533 316 contendit,
544 267 575 306 eo
584 251 674 306 minus
683 251 782 304 veritus
794 249 921 314 navibus,
933 250 1008 322 quod

211 329 236 382 in
249 327 322 382 litore
331 325 404 382 molli
414 334 493 396 atque
503 334 591 396 aperto
599 324 726 398 deligatas
739 324 774 379 ad
786 341 910 378 ancoram
925 326 1007 380 relin-

209 403 319 476 quebat3
332 408 359 458 et
367 401 496 472 praesidio
506 401 620 455 navibus
629 399 659 466 0.
668 399 773 454 Atrium
781 397 915 470 praefecit.
936 401 1004 471 lpse,

209 485 288 532 noctu
296 493 452 550 progressus
460 474 543 530 millia
556 492 683 545 passuum
698 475 799 529 circiter
811 475 872 538 Xll,
888 475 1005 528 bostium

209 553 297 624 copias
313 551 476 621 conspicatus
489 557 536 604 est
555 548 606 614 Illi,
626 550 745 620 equitatu
762 556 842 620 atque
859 550 960 604 essedis
973 551 1005 603 ad

209 626 307 682 llnmen
319 625 459 698 progressi,
471 642 505 679 ex
515 624 570 680 looo
578 625 712 694 superiore
721 633 823 678 nostros
832 624 974 695 probibere
982 633 1006 678 et

210 701 339 773 proelium
354 700 515 755 committere
532 708 679 770 eoepemnt.
699 697 807 770 Repulsi
820 698 855 752 ab
874 701 1003 770 equitatu,

209 777 276 832 sein
284 774 366 829 silvas
375 775 541 838 abdiderunt,
561 772 650 828 locum
660 774 737 837 nacti,
760 774 866 845 egregie
877 783 904 828 et
913 785 1004 828 natura

209 860 235 906 et
245 845 323 922 opere
331 850 474 914 munitum,
489 866 570 920 quem
578 847 713 902 domestici
723 847 796 912 belli,
815 857 846 901 ut
854 849 1003 912 videbatur,

209 943 301 980 caussa
321 924 373 980 iam
387 934 447 979 ante
459 932 688 996 praeparaverant:
712 939 775 976 nam
788 923 890 977 crebris
905 925 1005 978 arbori-

209 1000 261 1055 bus
270 1000 379 1054 succisis
387 1016 479 1057 ornnes
488 999 610 1054 introitus
617 1005 692 1052 erant
700 997 836 1070 praeclusi.
850 998 1004 1068 lpsiexsil-
1023 1059 1024 1072 χ

201 1076 252 1130 -vis
263 1075 315 1128 reri
323 1073 533 1147 propugnabant,
549 1080 704 1143 nostrosque
714 1073 780 1125 intra
790 1073 1004 1128 munitionesin·
1023 1087 1024 1090 ’

209 1149 283 1222 gredi
293 1149 475 1220 prohibebant.
494 1149 529 1202 At
541 1147 637 1202 milites
646 1146 756 1220 legionis
770 1147 907 1216 septimae,
923 1158 1003 1202 testu-

208 1224 272 1278 dine
280 1223 346 1278 iacta
355 1232 381 1278 et
389 1225 483 1297 aggere
494 1223 525 1278 ad
538 1223 697 1278 mimitiones
706 1220 815 1284 adiecto,
827 1221 917 1276 locum
932 1241 1003 1294 cepe

209 1306 272 1352 runt
279 1315 376 1368 eosque
385 1315 419 1353 ex
428 1298 504 1352 silvis
515 1296 682 1368 expulerunt,
694 1297 784 1367 paucis
794 1296 955 1352 vulneribus
964 1316 1003 1352 ac

181 1403 185 1414 r
209 1374 297 1444 ceptis.
318 1372 369 1427 Sed
387 1389 431 1428 eos
447 1372 576 1446 fugientes
591 1371 696 1444 longius
709 1371 804 1426 Caesar
816 1375 944 1444 prosequi
963 1392 1004 1426 ve-

210 1448 268 1510 tuit,
290 1455 315 1502 et
324 1448 396 1520 quod
407 1447 455 1502 loci
465 1456 586 1502 naturam
601 1447 744 1520 ignorabat,
765 1454 791 1499 et
803 1447 887 1518 quod,
909 1466 1003 1522 magna

209 1531 282 1594 parte
297 1523 350 1578 diei
363 1531 509 1588 consumta,
530 1521 671 1578 munitioni
685 1530 829 1576 castrorum
843 1529 953 1594 tempus
967 1541 1003 1576 re·

211 1598 296 1671 linqui
309 1597 418 1653 volebat.

264 1674 300 1727 X.
320 1673 447 1728 Postridie
455 1673 513 1727 eius
520 1671 572 1726 diei
586 1687 663 1725 mane
675 1669 802 1741 tripartito
816 1669 917 1736 milites
930 1673 1004 1744 equi-

210 1759 301 1819 tesque
310 1747 338 1803 in
348 1747 538 1818 expeditionem
548 1745 629 1806 misit.
640 1755 670 1800 ut
678 1762 731 1810 eos,
742 1745 789 1815 qui
799 1743 933 1817 fugerant,
949 1765 1004 1818 por-

209 1830 390 1893 sequerentur.
410 1822 458 1874 llis
466 1820 630 1890 aliquantum
641 1820 740 1876 itineris
749 1821 908 1892 progressis,
921 1840 1002 1893 quum

209 1898 263 1950 iam
272 1896 382 1950 extremi
391 1902 478 1950 essent
491 1895 518 1948 in
532 1905 679 1965 prospectu,
694 1895 795 1964 equites
809 1913 824 1948 a
839 1893 874 1960 Q.
885 1898 960 1952 Atrio
972 1895 1002 1950 ad

209 1970 346 2025 Caesarem
364 1977 501 2028 venerunt.
523 1969 570 2039 qui
584 1970 748 2032 nunciarent,
770 1971 908 2038 superiore
922 1982 1001 2034 nocte,

209 2044 325 2098 maxima
334 2052 418 2098 ooorta
428 2039 585 2114 tempestate,
599 2061 679 2116 prope
688 2061 780 2098 omnes
793 2062 877 2099 naves
889 2047 1002 2101 adllictns

209 2128 288 2189 atque
296 2117 324 2171 in
336 2116 410 2172 litore
418 2119 511 2174 eiectas
521 2137 591 2185 esse3
611 2119 685 2191 quod
697 2135 783 2190 neque
791 2133 904 2176 ancorae
917 2121 1003 2176 limes-

209 2209 263 2267 que
280 2191 460 2256 subsisterent,
481 2211 567 2268 neque
584 2203 679 2249 nautm
691 2194 938 2266 gubernatoresque
952 2199 1003 2250 vim

209 2269 264 2341 pati
273 2269 433 2339 tempestatis
443 2279 558 2340 possent:
573 2270 662 2340 itaque
670 2286 704 2322 ex
712 2285 743 2322 eo
751 2285 884 2326 concursu
895 2273 1003 2327 navium

209 2362 337 2418 magnum
350 2360 408 2398 esse
421 2343 617 2398 incommodum
632 2351 777 2412 acceptum.

265 2421 310 2474 xt
330 2419 376 2474 llis
386 2419 465 2474 rebus
475 2419 595 2492 cognitis,
612 2417 706 2472 Caesar
716 2416 832 2488 legiones
841 2421 1005 2490 equitatum-

209 2513 262 2566 que
272 2495 385 2550 revocari
395 2502 473 2566 atque
482 2494 573 2549 itinere
580 2491 705 2546 desistere
714 2491 798 2554 iubet;
813 2507 872 2560 ipse
881 2495 918 2548 ad
929 2514 1005 2552 naves

210 2571 360 2625 revertitur:
380 2567 541 2631 eademiero,
561 2583 630 2638 quae
644 2583 675 2619 ex
691 2565 795 2620 nunciis
809 2564 951 2640 literisque
967 2589 1004 2624 co

208 2652 343 2718 gnoverat,
363 2661 450 2701 coram
467 2643 598 2716 perspicit,
619 2642 658 2696 sio
671 2650 708 2704 ut,
724 2639 830 2694 amissis
841 2641 949 2700 circiter
962 2647 1004 2699 xl
