2064 2996
286 177 358 222 ΗΒ,
371 177 410 222 11.
442 177 522 223 CAP.
537 177 657 226 31—88.
840 185 872 236 53

66 271 191 344 estitanti
208 275 297 330 oneris
314 276 412 330 turrim
431 275 461 332 in
481 293 571 332 murce
590 295 648 335 sese
665 279 789 340 collocare
811 303 875 344 con-

66 345 194 400 fiderent?
425 406 427 410 ,

11 481 14 490 ‚
114 421 225 479 XXXI.
248 423 299 478 Ubi
307 441 369 480 vero
382 421 872 500 moverietcdprcpinquaremoenibus

62 495 198 562 videmini,
215 505 376 570 novaeque
387 499 513 554 Inusitata
526 502 611 572 specie
625 505 758 571 commoti,
775 505 871 580 legatos

58 569 244 628 adCacsarem
253 571 288 628 de
295 590 361 643 pace
369 573 509 638 miserunt,
520 576 578 646 qui,
589 575 704 634 adhunc
713 579 823 636 modum
834 582 872 637 la

58 645 126 702 cuti:
142 646 207 704 Non
214 663 245 700 ec
255 647 552 711 existimationem
559 656 615 706 cine
625 657 770 720 apeaicinc
779 657 872 710 betium

58 737 157 786 qerere,
170 725 320 790 quitantur
334 725 486 778 altitudinis
499 728 701 783 cacuminum
715 737 790 784 tanta
805 734 871 784 cete-

56 799 137 850 ritate
143 811 303 862 promovere
314 793 354 870 [et
362 813 399 850 cm
405 801 603 865 propinquitate
608 797 743 876 paquara]
751 815 870 871 poscent:

56 886 83 922 cc
95 887 203 938 eumque
215 873 305 927 caria
319 886 411 924 carum
421 876 544 936 potestati
553 879 717 940 permtttcrc,
734 876 867 935 dixcnmt.

59 943 146 1000 uma
153 951 287 1012 peterem
301 947 455 1012 deprecari:
471 947 498 998 ci
509 950 589 1014 farte,
606 965 657 1015 arc
670 967 721 1005 ecca
736 955 869 1009 dementia

56 1035 87 1071 cc
96 1021 310 1082 maaeuenttiine,
320 1020 464 1086 quamipti
472 1021 505 1072 ab
514 1021 576 1074 aliu
584 1025 715 1088 audirent,
725 1033 866 1091 etatuiceet,

56 1093 279 1152 Aduatucceeecc
294 1095 499 1155 amaracum,
518 1109 550 1148 nc
562 1111 589 1148 cc
603 1101 685 1154 armie
698 1101 867 1167 despoliaret.-

56 1169 107 1222 cibi
117 1170 405 1237 cantatemfiaittmat
415 1182 467 1221 cecc
476 1170 593 1223 inimicae
602 1187 634 1226 ac
644 1188 707 1226 tuac
719 1177 812 1228 uirtuti
824 1181 868 1230 in·

57 1245 162 1308 videreq
183 1245 302 1310 aquibus
311 1259 342 1300 tn
353 1243 498 1309 mserum,
515 1246 620 1299 truditic
632 1249 723 1314 urmic,
742 1264 794 1301 nan
803 1266 868 1316 pce-

58 1323 124 1368 cent.
148 1314 207 1370 Sibi
225 1325 376 1384 praestare,
399 1317 425 1368 ei
442 1318 471 1370 in
488 1331 545 1368 eum
564 1333 652 1375 cneum
670 1323 865 1385 deducerentur,

59 1393 180 1457 quamuie
189 1395 323 1458 tartunam
336 1407 356 1444 a
365 1389 465 1455 populo
477 1387 591 1447 nomam
600 1395 668 1458 pati,
689 1410 767 1462 quam
780 1399 813 1448 cb
827 1400 868 1450 nte

56 1480 107 1530 per
118 1469 260 1524 cruciatam
269 1465 396 1532 interfici,
403 1466 471 1516 inter
480 1479 544 1530 quac
554 1467 685 1518 acutiam·
695 1478 865 1526 concuterent.

113 1537 230 1595 XXXII.
248 1537 374 1596 naham
383 1534 478 1594 Caesar
491 1536 639 1606 respondit:
660 1537 694 1592 Sc
707 1546 791 1607 maqie
805 1558 867 1596 ccu-

4 1647 6 1650 -
56 1617 260 1677 metretarum,
276 1628 360 1682 tuam
369 1614 570 1673 maritatarum,
586 1613 715 1665 ciuitatem
729 1615 867 1668 cancerau-

57 1696 156 1752 turum,
168 1691 285 1756 cipriuc,
301 1701 384 1758 quant
397 1689 468 1738 ccicc
480 1701 584 1739 murum
596 1687 739 1752 adtiqiscet,
754 1703 781 1740 cc
793 1691 867 1740 dedi-

57 1765 170 1816 dieram:
188 1765 232 1815 ced
241 1763 386 1816 dediticnte
395 1760 495 1814 nuliam
505 1773 558 1814 cece
568 1762 746 1824 ccuatctcmm,
758 1765 810 1815 niet
819 1779 866 1815 ar-

58 1841 106 1888 mis
116 1837 237 1890 traditie:
256 1853 285 1890 ee
298 1839 338 1897 id,
360 1835 429 1901 quad
443 1835 472 1886 in
486 1833 591 1888 Neruiis
604 1837 714 1902 fecisset,
733 1839 866 1904 facturum

57 1913 224 1978 finitimisque
232 1914 436 1977 imperaturum,
446 1909 478 1959 ite
487 1921 565 1976 quam
575 1909 700 1962 reatuum
711 1913 802 1978 popuii
814 1912 865 1966 lic-

58 1988 129 2040 mani
137 1986 414 2052 iniuriamtntmrent.
435 1978 602 2036 Renuncietc
612 1979 725 2048 edsucs,
738 2001 804 2054 quae
814 1989 864 2039 im-

56 2067 220 2126 perarentur,
240 2063 331 2127 facere
345 2053 481 2108 dixerunt.
506 2054 648 2112 Armorum
661 2073 758 2132 magna
772 2058 865 2114 multi-

59 2132 148 2187 tudine
162 2131 195 2187 de
214 2147 293 2186 muro
308 2131 338 2183 in
358 2125 466 2193 fassam,
486 2144 554 2199 quae
572 2139 627 2186 erat
644 2137 704 2188 cate
723 2132 861 2204 oppidum,

60 2208 129 2273 iacta,
145 2207 185 2262 sic
194 2213 226 2261 ut
239 2221 325 2278 prope
340 2218 475 2256 summam
490 2204 560 2258 muri
575 2205 731 2279 aggerisque
747 2205 865 2261 altitudi-

60 2299 116 2338 nem
136 2279 224 2338 acervi
244 2291 386 2335 armorum
406 2274 592 2348 adaequarent;
614 2286 744 2335 ettamen
763 2280 864 2332 circiter

60 2365 126 2426 parte
134 2356 261 2421 tertia,ut
267 2359 362 2426 postea
372 2359 536 2422 perspectum
546 2359 593 2417 cst,
601 2353 681 2408 celata
691 2361 771 2424 etque
779 2351 807 2404 in
817 2367 864 2421 op-

4 2425 5 2494 }
59 2432 115 2502 pido
126 2437 237 2494 retenta,
251 2425 337 2501 partis
347 2421 489 2496 patefactis,
502 2441 532 2480 ec
542 2426 656 2497 diepace
665 2433 728 2480 sunt
736 2423 789 2478 usi.

108 2505 241 2562 XXXIII.
262 2500 321 2557 Sub
331 2515 473 2569 vesperam
484 2499 577 2554 Caesar
586 2507 674 2570 portas
683 2496 780 2562 claudi,
792 2497 865 2550 mili·

59 2588 144 2654 tesque
153 2599 190 2635 ex
200 2575 302 2649 oppido
312 2572 387 2628 exire
396 2572 480 2656 iussit,
503 2589 537 2626 ne
551 2589 633 2655 quarn
647 2576 725 2624 noctu
739 2569 864 2653 aqipidani

59 2656 89 2710 ab
106 2653 243 2714 militibus
258 2646 389 2706 iniuriam
409 2652 561 2717 acciperent.
586 2643 641 2708 1111,
663 2649 814 2706 antemna,
836 2649 866 2693 ut
