2072 2998
175 121 224 177 120
390 125 441 172 DE
463 125 589 172 BELLO
608 123 776 174 arborco

172 228 236 286 ratis
247 223 394 292 itineribus,
416 225 586 282 minoreeum
596 223 713 297 periculo
721 223 818 282 vallem
828 223 973 300 rivumque
1018 207 1019 258 d

172 303 301 359 transiret.
321 301 410 356 Prima
419 299 477 356 luee
490 300 608 356 hostium
617 299 750 371 equitatus
764 298 798 354 ad
807 305 893 356 castra
902 317 974 358 aoce-
1019 303 1020 318 ¹

173 377 213 433 dit
221 375 406 450 proeliumque
414 393 476 431 oum
486 374 583 430 nostris
592 374 728 448 equitibus
737 374 888 435 committit.
908 375 974 432 Cas-

173 450 345 508 sarconsulto
354 451 456 523 equites
469 449 560 505 oedare
572 465 654 520 seque
667 448 695 504 in
704 455 789 504 castra
802 449 919 521 recipere
931 451 974 506 iu-

174 527 234 596 bet;
255 525 337 581 simul
358 542 392 580 ex
409 524 535 580 omnibus
552 523 672 597 partibus
691 530 776 579 eastra
792 522 885 579 altiore
903 525 974 582 valio

172 601 274 658 muniri
287 607 429 672 portasque
441 599 543 655 obstrui
557 606 636 670 atque
653 597 681 653 in
701 597 745 654 hie
754 597 973 656 administrandis

172 677 254 732 rebus
272 692 355 748 quam
375 674 492 730 maxime
510 672 662 730 concursari
679 679 705 728 et
722 689 785 728 eum
803 673 973 732 simulatione

172 751 300 806 timorisa
321 749 421 804 iiubet.
625 782 628 788 ,

228 825 272 880 Li.
292 767 397 891 &uibus
414 822 541 879 omnibus
559 822 640 879 rebus
657 821 746 877 hostes
764 821 871 878 invitati
884 824 972 896 copias

172 898 350 954 transducunt
358 899 494 970 aciemque
503 898 598 970 iniquo
606 897 663 952 iooo
674 897 853 967 constituunt;
874 900 971 954 nostris

172 989 235 1031 vero
244 973 324 1028 etiem
338 972 371 1028 de
385 973 455 1030 vallo
468 971 598 1038 deductis,
617 971 727 1045 propius
738 971 869 1028 accedunt
882 979 909 1028 et
922 973 972 1030 tela

107 1075 108 1078 ¹
173 1048 242 1103 intra
256 1047 440 1101 'munitionem
463 1063 497 1101 ex
518 1047 645 1102 omnibus
667 1046 787 1118 nantibus
812 1047 969 1118 coniiciunt;

172 1121 400 1194 praeconibusque
412 1121 604 1176 circummissis
622 1121 790 1192 pronunciari
804 1121 907 1188 iubent,
927 1141 971 1178 eea

173 1199 232 1266 quis
243 1195 343 1259 Gabar,
354 1213 400 1250 seo
409 1196 539 1250 Romanos
549 1199 610 1250 velit
618 1204 679 1251 acte
687 1200 779 1252 boram
789 1202 894 1252 tertiam
902 1203 938 1254 cat
945 1216 972 1254 ee

173 1274 295 1334 transire,
315 1274 372 1324 atne
380 1273 499 1338 periculo
511 1273 602 1339 ttaere;
619 1279 679 1340 post
694 1275 723 1326 id
736 1280 834 1341 umpoa
848 1289 901 1327 ooo
917 1277 972 1343 sore

171 1353 337 1414 potantem:
356 1344 546 1400 aosicnoetroe
555 1351 759 1410 contemserunt,
776 1353 815 1412 ut,
830 1345 972 1402 obstructis

172 1417 325 1491 inspeciem
335 1419 417 1491 portis
426 1419 540 1494 singuiis
551 1419 690 1484 ordinibus
704 1420 843 1492 cespitum,
859 1421 935 1494 quod
943 1439 973 1477 ea

173 1511 228 1550 non
237 1494 517 1568 posseintrorumpere
526 1494 693 1560 videbantur,
712 1493 758 1549 alii
772 1494 876 1552 vallum
889 1513 973 1552 manu

173 1569 301 1636 scindere,
316 1568 362 1626 elii
376 1569 459 1626 ioesas
468 1568 601 1642 complere
613 1569 766 1640 inciperent.
786 1571 856 1625 Tum
865 1570 971 1637 Caesar,

172 1645 299 1700 omnibus
307 1646 390 1717 portis
397 1645 533 1717 eruptione
544 1643 610 1700 iacta
619 1644 792 1716 equitatuque
800 1645 913 1712 emmso,
932 1663 974 1700 oe-

173 1717 260 1774 leniter
269 1720 357 1774 hostes
366 1719 411 1774 dat
424 1720 453 1774 in
466 1717 567 1792 iugem,
584 1719 631 1784 sic,
649 1718 687 1774 uti
704 1720 814 1774 omnino
832 1721 974 1793 pugnandi

115 1805 119 1812 ·
172 1809 267 1848 caussa
277 1793 409 1848 resisteret
417 1809 509 1861 nemo;
530 1809 714 1866 magnumque
726 1794 813 1868 exeis
826 1811 974 1852 numerum
1024 1829 1025 1842 κ

172 1867 267 1923 oooidit
276 1875 355 1938 atque
363 1884 455 1922 omnes
465 1867 547 1922 armis
557 1869 640 1923 exuit.

227 1941 283 1994 LII.
294 1941 413 2014 Longius
422 1941 547 2013 prosequi
557 1943 665 2008 veritus,
673 1942 746 2016 quod
755 1942 838 2000 silvae
846 1943 975 2016 paludes-

171 2030 225 2086 que
237 2013 440 2084 intercedebant,
462 2032 548 2088 neque
556 2016 635 2072 etiam
645 2017 757 2089 parvulo
769 2018 929 2074 detrimento
942 2019 976 2074 il·

172 2088 260 2144 iorum
270 2084 357 2142 locum
367 2088 482 2162 relinqui
491 2090 607 2157 videbat,
627 2093 754 2148 omnibus
763 2093 820 2148 suis
830 2093 976 2149 ineolumi·

170 2163 223 2219 bus
232 2162 324 2233 copiis,
345 2162 436 2218 eodem
449 2164 492 2220 die
502 2164 536 2220 ad
550 2165 701 2223 Ciceronem
713 2167 842 2240 pervenit.
862 2169 977 2225 Institu-

171 2243 311 2304 aestuares,
319 2237 464 2294 testudines
470 2238 685 2314 munitionesque
691 2242 808 2298 hostium
814 2241 974 2300 admiratur:

171 2311 298 2384 producta
307 2310 556 2387 legionemgnosoit,
564 2331 617 2370 non
625 2315 760 2373 decimum
769 2334 907 2390 quemque
915 2335 977 2374 esse

171 2385 293 2444 relietum
303 2387 415 2443 militem
423 2389 482 2444 sine
490 2387 610 2446 vulnere.
630 2391 673 2446 En
685 2391 863 2448 hisomnibue
873 2393 977 2448 iudicat

171 2461 262 2529 robus,
282 2470 382 2536 quanto
394 2480 456 2518 cum
466 2461 583 2535 periculo
596 2471 622 2520 et
630 2473 730 2537 quanta
741 2483 804 2522 eum
819 2466 919 2522 virtute
932 2485 977 2524 res

172 2537 229 2591 sint
246 2536 458 2594 administratae:
479 2537 631 2594 Ciceronem
644 2556 692 2610 pro
705 2540 763 2595 eius
777 2541 871 2596 merito
889 2541 977 2616 legio-

180 2611 438 2686 temqueoollaudat:
459 2611 624 2672 centuriones
634 2615 977 2692 singiliatimtribunosqua
