2038 3000
178 146 229 200 llll
390 151 422 198 A.
441 147 570 196 HIRTII
586 147 636 194 DE
654 145 778 192 13an

178 252 246 318 sima
254 257 329 306 sexta
341 249 409 324 legio
421 251 450 305 in
464 249 519 304 laea
527 266 557 303 se
569 249 703 320 superiora
713 245 837 312 mount,
862 265 922 304 non
933 263 982 302 am-

177 325 250 398 plius
259 324 378 380 dueentis
392 333 418 379 et
427 324 622 396 quinquaginta
636 321 803 382 desideratis.
824 323 984 378 Ceciderunt

178 418 209 530 qo
218 399 316 486 proelio
321 399 458 541 Quengidi
467 407 546 484 atque
555 397 670 526 illuthrqs
665 396 874 526 1qr‘›iri·rta.‹>rrnulli
885 399 984 526 equites

201 492 301 530 omani.
363 492 379 530 ο
420 491 480 528 men
490 489 605 529 moomm
704 489 742 526 mr
755 489 799 525 rus
927 489 983 538 ‚re-

179 547 277 622 liquias
292 551 420 604 exercitus
431 547 555 618 dissipati
567 546 679 618 adlegit,
702 489 911 619 itineribffide
927 548 983 601 tutis

178 641 226 696 per
234 623 425 696 Cappadociam
435 640 465 677 se
474 623 503 678 in
512 623 602 676 Asiam
613 621 719 691 reoepit.

234 699 305 753 XLI.
324 699 480 761 Phar-nanee.
501 697 582 751 rebare
595 695 719 750 emundis
732 693 832 760 elatius,
855 712 948 767 quom
956 695 983 749 de

179 772 289 830 Caesare
302 789 341 838 aa,
361 789 431 844 quae
443 771 557 842 optabat,
577 777 700 842 speraret,
721 770 841 824 Pontum
856 771 982 824 omnibus

179 847 261 918 oopiio
279 847 429 919 oeoupavit:
454 845 554 917 ibique,
575 853 601 900 et
619 845 709 909 victor,
729 851 756 898 ei
773 844 983 900 crudelissimis

179 937 235 986 rex,
255 937 341 992 quum
359 920 412 974 sibi
432 918 565 976 fortunam
586 928 722 992 paternam
739 917 869 974 ielioiore
892 929 983 976 eventu

179 995 328 1060 destinaret,
344 994 428 1050 multa
438 995 534 1067 oppida
544 994 715 1068 expugnavit,
731 993 804 1048 bona
818 994 931 1050 civium
941 996 984 1048 lio

179 1085 320 1126 manorum
328 1069 549 1141 Pontioorumque
560 1069 679 1140 diripuit,
698 1067 835 1140 supplicia
848 1071 985 1124 constituit

179 1143 984 1217 uam

178 1293 534 1365 tumquenullodelendente‚
542 1300 681 1365 paternum
688 1309 802 1366 regnum
812 1311 845 1348 se
854 1261 984 1366 redoperi

178 1367 304 1443 glorians,
316 1368 459 1425 obtinebat.

235 1445 316 1498 XLII.
337 1443 393 1500 Sub
407 1443 477 1498 idem
491 1450 596 1514 tempus
611 1443 641 1498 iu
657 1440 765 1516 Illyrios
774 1449 819 1496 ost
832 1443 984 1498 inoommo

121 1575 124 1582 ,
180 1518 246 1574 dum
256 1526 404 1590 aoeeptum:
424 1518 636 1592 quae-provincia
646 1517 831 1589 superioribus
841 1519 983 1574 mensibus

179 1601 278 1649 retenta
288 1611 340 1648 non
350 1601 454 1648 tantum
464 1593 521 1648 sine
531 1593 684 1665 ignominia,
700 1591 840 1646 sedetiam
849 1609 921 1650 eum
933 1593 983 1648 laa-

181 1668 284 1723 deerat.
303 1670 425 1740 Namque
438 1684 469 1724 eo
482 1667 586 1722 missus-
595 1674 691 1724 aestate
703 1680 766 1720 eum
779 1666 897 1724 duobus
906 1667 983 1743 legio

181 1743 262 1798 nibus
276 1742 309 1809 Q.
324 1743 489 1804 Cornificius,
513 1741 631 1798 Caesaris
645 1748 769 1814 quaestor
786 1757 838 1812 pro
852 1751 980 1814 praetore.
1003 1767 1004 1770 ¹

180 1817 345 1890 quamquam
355 1825 409 1873 erat
418 1817 552 1889 provincia
566 1817 677 1872 minime
685 1816 789 1888 eopiosa
798 1816 835 1872 ad
849 1820 981 1874 exereitus
1003 1873 1004 1888 q

181 1892 289 1948 alendos
301 1900 328 1947 et
341 1893 454 1948 finitimo
467 1891 537 1947 bello
549 1909 580 1946 ao
597 1891 808 1946 dissensionibus
822 1891 982 1948 nonientaei

181 1973 290 2031 vastata,
311 1974 398 2022 tamen
413 1965 551 2040 prudentia
564 1982 594 2020 ae
608 1965 743 2039 diligentia
757 1982 815 2029 oua,
838 1969 922 2038 quod
931 1984 982 2022 ma-

180 2057 262 2113 gnam
271 2056 363 2096 curam
373 2042 540 2112 suscipiebat,
554 2057 649 2112 nequo
661 2049 757 2095 temere
766 2041 979 2113 progrederetur,

180 2122 207 2170 et
218 2115 313 2185 recepit
326 2123 351 2169 et
369 2113 494 2172 defendit.
522 2117 645 2188 Namque
662 2123 688 2170 et
706 2113 810 2170 castella
829 2118 979 2190 complura,

182 2189 245 2245 loeis
254 2189 332 2245 editis
340 2190 433 2260 posita,
445 2207 561 2262 quorum
569 2191 751 2262 opportunitas
759 2189 927 2248 castellanos
936 2194 981 2246 im·

182 2264 294 2337 pellebat
305 2263 509 2320 addecursiones
517 2263 649 2320 iaciendas
656 2274 681 2320 et
689 2264 789 2320 bellum
798 2263 979 2329 inferendum,

182 2339 345 2414 expugnavit
362 2356 445 2411 eaque
462 2339 558 2411 praeda
576 2339 674 2395 milites
691 2338 813 2396 donavit:
834 2339 920 2413 (quae
938 2341 979 2398 etsi

182 2423 237 2468 erat
245 2415 341 2480 tenuis,
354 2414 479 2470 tamenin
492 2422 563 2470 unta
578 2413 727 2485 provinciae
736 2413 924 2484 desperatione
932 2423 980 2472 erat

182 2497 265 2613 qratia,
282 2489 434 2574 praesertim
446 2489 543 2576 virtute
550 2489 649 2560 parim)
667 2496 700 2552 et,
715 2505 800 2574 quum
809 2487 979 2578 Octavinsex

195 2578 246 2634 uga
256 2563 397 2618 Pharsalici
409 2563 501 2634 proein
516 2578 612 2634 magna
621 2562 705 2616 classe
719 2579 745 2616 rn
760 2561 837 2617 illum
849 2581 881 2619 se
891 2583 978 2620 sinum

182 2634 350 2702 contulisset,
379 2638 471 2708 pannis
492 2635 606 2692 navibus
631 2637 835 2706 ladortinorum,
864 2656 979 2712 quorum
1003 2711 1004 2722 χ
