<?xml version="1.0" encoding="UTF-8"?>
<!DOCTYPE html PUBLIC "-//W3C//DTD XHTML 1.0 Transitional//EN"
    "http://www.w3.org/TR/xhtml1/DTD/xhtml1-transitional.dtd">
<html xmlns="http://www.w3.org/1999/xhtml" xml:lang="en" lang="en">
 <head>
  <title>
</title>
<meta http-equiv="Content-Type" content="text/html;charset=utf-8" />
  <meta name='ocr-system' content='tesseract 3.04.00' />
  <meta name='ocr-capabilities' content='ocr_page ocr_carea ocr_par ocr_line ocrx_word'/>
</head>
<body>
  <div class='ocr_page' id='page_1' title='image "./ciuliicaesarisc04caesgoog_0389.png"; bbox 0 0 2042 3004; ppageno 0'>
   <div class='ocr_carea' id='block_1_1' title="bbox 190 151 786 208">
    <p class='ocr_par' dir='ltr' id='par_1_1' title="bbox 190 151 786 208">
     <span class='ocr_line' id='line_1_1' title="bbox 190 151 786 208; baseline -0.02 0"><span class='ocrx_word' id='word_1_1' title='bbox 190 154 240 208; x_wconf 71' lang='lat'><strong>³⁸6</strong></span> <span class='ocrx_word' id='word_1_2' title='bbox 393 155 426 202; x_wconf 80' lang='grc' dir='ltr'><strong>Δ.</strong></span> <span class='ocrx_word' id='word_1_3' title='bbox 446 153 577 200; x_wconf 69' lang='lat' dir='ltr'><strong>muru</strong></span> <span class='ocrx_word' id='word_1_4' title='bbox 591 153 643 199; x_wconf 78' lang='lat' dir='ltr'><strong>DE</strong></span> <span class='ocrx_word' id='word_1_5' title='bbox 661 151 786 198; x_wconf 80' lang='lat' dir='ltr'>BELLO</span> 
     </span>
    </p>
   </div>
   <div class='ocr_carea' id='block_1_2' title="bbox 189 249 994 402">
    <p class='ocr_par' dir='ltr' id='par_1_2' title="bbox 189 249 994 402">
     <span class='ocr_line' id='line_1_2' title="bbox 189 249 994 330; baseline -0.011 -16"><span class='ocrx_word' id='word_1_6' title='bbox 189 267 238 324; x_wconf 86' lang='lat' dir='ltr'><strong>tes,</strong></span> <span class='ocrx_word' id='word_1_7' title='bbox 254 273 300 330; x_wconf 80' lang='lat' dir='ltr'><strong>per</strong></span> <span class='ocrx_word' id='word_1_8' title='bbox 309 271 377 328; x_wconf 83' lang='lat' dir='ltr'><strong>quas</strong></span> <span class='ocrx_word' id='word_1_9' title='bbox 387 252 486 308; x_wconf 80' lang='lat' dir='ltr'><strong>finesA</strong></span> <span class='ocrx_word' id='word_1_10' title='bbox 556 252 585 305; x_wconf 80' lang='lat' dir='ltr'><strong>tii</strong></span> <span class='ocrx_word' id='word_1_11' title='bbox 598 267 766 323; x_wconf 73' lang='lat' dir='ltr'>regnumque</span> <span class='ocrx_word' id='word_1_12' title='bbox 778 251 915 322; x_wconf 77' lang='lat' dir='ltr'><strong>pertinet,</strong></span> <span class='ocrx_word' id='word_1_13' title='bbox 934 249 994 324; x_wconf 75' lang='lat' dir='ltr'><strong>lega·</strong></span> 
     </span>
     <span class='ocr_line' id='line_1_3' title="bbox 189 324 992 402; baseline -0.011 -14"><span class='ocrx_word' id='word_1_14' title='bbox 189 342 229 388; x_wconf 83' lang='lat' dir='ltr'><strong>tos</strong></span> <span class='ocrx_word' id='word_1_15' title='bbox 239 329 482 402; x_wconf 71' lang='lat' dir='ltr'><strong>oonquisitoresque</strong></span> <span class='ocrx_word' id='word_1_16' title='bbox 490 327 518 380; x_wconf 91' lang='lat' dir='ltr'><strong>di</strong></span> <span class='ocrx_word' id='word_1_17' title='bbox 529 335 601 379; x_wconf 83' lang='lat' dir='ltr'><strong>aetas</strong></span> <span class='ocrx_word' id='word_1_18' title='bbox 611 324 726 379; x_wconf 88' lang='lat' dir='ltr'><strong>habendi</strong></span> <span class='ocrx_word' id='word_1_19' title='bbox 741 341 841 379; x_wconf 79' lang='lat' dir='ltr'><strong>neusse</strong></span> <span class='ocrx_word' id='word_1_20' title='bbox 859 327 992 381; x_wconf 74' lang='lat' dir='ltr'><strong>miserant.</strong></span> 
     </span>
    </p>
   </div>
   <div class='ocr_carea' id='block_1_3' title="bbox 189 397 993 768">
    <p class='ocr_par' dir='ltr' id='par_1_3' title="bbox 189 397 993 768">
     <span class='ocr_line' id='line_1_4' title="bbox 190 397 993 480; baseline -0.011 -20"><span class='ocrx_word' id='word_1_21' title='bbox 190 419 373 480; x_wconf 87' lang='lat' dir='ltr'><strong>magnumque</strong></span> <span class='ocrx_word' id='word_1_22' title='bbox 382 417 523 456; x_wconf 88' lang='lat' dir='ltr'><strong>numerum</strong></span> <span class='ocrx_word' id='word_1_23' title='bbox 533 398 703 470; x_wconf 86' lang='lat' dir='ltr'><strong>inoppidum</strong></span> <span class='ocrx_word' id='word_1_24' title='bbox 718 397 835 453; x_wconf 88' lang='lat' dir='ltr'><strong>telorum</strong></span> <span class='ocrx_word' id='word_1_25' title='bbox 851 407 940 472; x_wconf 89' lang='lat' dir='ltr'><strong>atque</strong></span> <span class='ocrx_word' id='word_1_26' title='bbox 952 409 993 453; x_wconf 84' lang='lat' dir='ltr'><strong>tor-</strong></span> 
     </span>
     <span class='ocr_line' id='line_1_5' title="bbox 190 470 993 536; baseline -0.011 0"><span class='ocrx_word' id='word_1_27' title='bbox 190 488 339 536; x_wconf 90' lang='lat' dir='ltr'><strong>mentorum</strong></span> <span class='ocrx_word' id='word_1_28' title='bbox 347 479 521 532; x_wconf 84' lang='lat' dir='ltr'><strong>aonvexerant</strong></span> <span class='ocrx_word' id='word_1_29' title='bbox 528 480 554 528; x_wconf 93' lang='lat' dir='ltr'><strong>et</strong></span> <span class='ocrx_word' id='word_1_30' title='bbox 564 470 786 528; x_wconf 76' lang='lat' dir='ltr'>innumerabilem</span> <span class='ocrx_word' id='word_1_31' title='bbox 792 473 993 529; x_wconf 70' lang='lat' dir='ltr'><strong>multitudinem</strong></span> 
     </span>
     <span class='ocr_line' id='line_1_6' title="bbox 189 546 992 610; baseline -0.014 1"><span class='ocrx_word' id='word_1_32' title='bbox 189 554 364 610; x_wconf 80' lang='lat' dir='ltr'><strong>adduxerant.</strong></span> <span class='ocrx_word' id='word_1_33' title='bbox 393 551 447 604; x_wconf 88' lang='lat' dir='ltr'><strong>Nee</strong></span> <span class='ocrx_word' id='word_1_34' title='bbox 463 547 554 603; x_wconf 87' lang='lat' dir='ltr'><strong>minus</strong></span> <span class='ocrx_word' id='word_1_35' title='bbox 574 547 602 600; x_wconf 92' lang='lat' dir='ltr'><strong>in</strong></span> <span class='ocrx_word' id='word_1_36' title='bbox 616 547 683 600; x_wconf 88' lang='lat' dir='ltr'><strong>urbe</strong></span> <span class='ocrx_word' id='word_1_37' title='bbox 700 546 839 602; x_wconf 62' lang='lat' dir='ltr'><strong>mammae</strong></span> <span class='ocrx_word' id='word_1_38' title='bbox 859 565 992 602; x_wconf 83' lang='lat' dir='ltr'><strong>armornn</strong></span> 
     </span>
     <span class='ocr_line' id='line_1_7' title="bbox 189 619 993 691; baseline -0.01 -8"><span class='ocrx_word' id='word_1_39' title='bbox 189 635 265 684; x_wconf 92' lang='lat' dir='ltr'><strong>erant</strong></span> <span class='ocrx_word' id='word_1_40' title='bbox 283 624 415 680; x_wconf 88' lang='lat' dir='ltr'><strong>institutae</strong></span> <span class='ocrx_word' id='word_1_41' title='bbox 427 621 554 676; x_wconf 77' lang='lat' dir='ltr'><strong>officinae</strong></span> <span class='ocrx_word' id='word_1_42' title='bbox 573 619 668 674; x_wconf 80' lang='lat' dir='ltr'>Servos</span> <span class='ocrx_word' id='word_1_43' title='bbox 681 627 813 690; x_wconf 85' lang='lat' dir='ltr'><strong>praeterea</strong></span> <span class='ocrx_word' id='word_1_44' title='bbox 828 621 954 691; x_wconf 83' lang='lat' dir='ltr'><strong>puberes</strong></span> <span class='ocrx_word' id='word_1_45' title='bbox 962 639 993 675; x_wconf 88' lang='lat' dir='ltr'><strong>ar·</strong></span> 
     </span>
     <span class='ocr_line' id='line_1_8' title="bbox 189 692 993 768; baseline -0.01 -11"><span class='ocrx_word' id='word_1_46' title='bbox 189 706 335 764; x_wconf 87' lang='lat' dir='ltr'><strong>maverant,</strong></span> <span class='ocrx_word' id='word_1_47' title='bbox 356 697 457 768; x_wconf 87' lang='lat' dir='ltr'><strong>quibus</strong></span> <span class='ocrx_word' id='word_1_48' title='bbox 475 693 575 750; x_wconf 90' lang='lat' dir='ltr'><strong>domini</strong></span> <span class='ocrx_word' id='word_1_49' title='bbox 594 692 774 764; x_wconf 77' lang='lat' dir='ltr'><strong>locupletiores</strong></span> <span class='ocrx_word' id='word_1_50' title='bbox 788 694 900 749; x_wconf 84' lang='lat' dir='ltr'><strong>vietum</strong></span> <span class='ocrx_word' id='word_1_51' title='bbox 916 697 993 767; x_wconf 66' lang='lat' dir='ltr'><strong>quoti</strong></span> 
     </span>
    </p>
   </div>
   <div class='ocr_carea' id='block_1_4' title="bbox 170 767 1010 1424">
    <p class='ocr_par' dir='ltr' id='par_1_4' title="bbox 170 767 1010 1424">
     <span class='ocr_line' id='line_1_9' title="bbox 190 767 993 841; baseline -0.009 -11"><span class='ocrx_word' id='word_1_52' title='bbox 190 775 302 830; x_wconf 79' lang='lat' dir='ltr'><strong>dianam</strong></span> <span class='ocrx_word' id='word_1_53' title='bbox 316 770 532 841; x_wconf 76' lang='lat' dir='ltr'><strong>stipendiumque</strong></span> <span class='ocrx_word' id='word_1_54' title='bbox 549 767 718 838; x_wconf 88' lang='lat' dir='ltr'><strong>praebebant.</strong></span> <span class='ocrx_word' id='word_1_55' title='bbox 746 767 803 822; x_wconf 87' lang='lat' dir='ltr'><strong>llao</strong></span> <span class='ocrx_word' id='word_1_56' title='bbox 820 768 993 824; x_wconf 84' lang='lat' dir='ltr'><strong>multitudine</strong></span> 
     </span>
     <span class='ocr_line' id='line_1_10' title="bbox 190 839 991 919; baseline -0.007 -19"><span class='ocrx_word' id='word_1_57' title='bbox 190 846 326 919; x_wconf 83' lang='lat' dir='ltr'><strong>disposita,</strong></span> <span class='ocrx_word' id='word_1_58' title='bbox 346 843 507 898; x_wconf 87' lang='lat' dir='ltr'><strong>munitiones</strong></span> <span class='ocrx_word' id='word_1_59' title='bbox 522 849 682 898; x_wconf 81' lang='lat' dir='ltr'><strong>semotamm</strong></span> <span class='ocrx_word' id='word_1_60' title='bbox 698 839 814 911; x_wconf 86' lang='lat' dir='ltr'><strong>partium</strong></span> <span class='ocrx_word' id='word_1_61' title='bbox 835 843 991 904; x_wconf 63' lang='lat' dir='ltr'><strong>brabantia</strong></span> 
     </span>
     <span class='ocr_line' id='line_1_11' title="bbox 170 887 1010 978; baseline -0.007 0"><span class='ocrx_word' id='word_1_62' title='bbox 170 913 175 924; x_wconf 55' lang='lat'>⁸</span> <span class='ocrx_word' id='word_1_63' title='bbox 191 929 325 978; x_wconf 85' lang='lat' dir='ltr'><strong>veteranas</strong></span> <span class='ocrx_word' id='word_1_64' title='bbox 333 916 452 972; x_wconf 76' lang='lat' dir='ltr'><strong>cohortes</strong></span> <span class='ocrx_word' id='word_1_65' title='bbox 461 915 595 971; x_wconf 86' lang='lat' dir='ltr'><strong>vanuasin</strong></span> <span class='ocrx_word' id='word_1_66' title='bbox 604 913 869 972; x_wconf 79' lang='lat' dir='ltr'><strong>celeberrimisurbis</strong></span> <span class='ocrx_word' id='word_1_67' title='bbox 880 916 994 972; x_wconf 74' lang='lat' dir='ltr'><strong>locisba</strong></span> <span class='ocrx_word' id='word_1_68' title='bbox 1009 887 1010 964; x_wconf 71' lang='lat' dir='ltr'><strong>l</strong></span> 
     </span>
     <span class='ocr_line' id='line_1_12' title="bbox 189 990 994 1064; baseline -0.01 -14"><span class='ocrx_word' id='word_1_69' title='bbox 189 994 296 1056; x_wconf 81' lang='lat' dir='ltr'><strong>hebent,</strong></span> <span class='ocrx_word' id='word_1_70' title='bbox 306 997 345 1055; x_wconf 83' lang='lat' dir='ltr'><strong>ut,</strong></span> <span class='ocrx_word' id='word_1_71' title='bbox 358 1005 527 1064; x_wconf 75' lang='lat' dir='ltr'><strong>quecumque</strong></span> <span class='ocrx_word' id='word_1_72' title='bbox 536 990 642 1061; x_wconf 85' lang='lat' dir='ltr'><strong>regione</strong></span> <span class='ocrx_word' id='word_1_73' title='bbox 651 995 824 1061; x_wconf 77' lang='lat' dir='ltr'><strong>pugnaretur,</strong></span> <span class='ocrx_word' id='word_1_74' title='bbox 833 990 953 1064; x_wconf 80' lang='lat' dir='ltr'><strong>integris</strong></span> <span class='ocrx_word' id='word_1_75' title='bbox 962 992 994 1044; x_wconf 82' lang='lat' dir='ltr'><strong>vi·</strong></span> 
     </span>
     <span class='ocr_line' id='line_1_13' title="bbox 190 1061 991 1132; baseline -0.007 -10"><span class='ocrx_word' id='word_1_76' title='bbox 190 1066 265 1122; x_wconf 88' lang='lat' dir='ltr'><strong>ribus</strong></span> <span class='ocrx_word' id='word_1_77' title='bbox 273 1065 307 1120; x_wconf 89' lang='lat' dir='ltr'><strong>ad</strong></span> <span class='ocrx_word' id='word_1_78' title='bbox 319 1063 451 1120; x_wconf 84' lang='lat' dir='ltr'><strong>auxilium</strong></span> <span class='ocrx_word' id='word_1_79' title='bbox 464 1061 602 1120; x_wconf 74' lang='lat' dir='ltr'><strong>serendum</strong></span> <span class='ocrx_word' id='word_1_80' title='bbox 618 1061 759 1132; x_wconf 89' lang='lat' dir='ltr'><strong>opportuni</strong></span> <span class='ocrx_word' id='word_1_81' title='bbox 772 1061 879 1119; x_wconf 75' lang='lat' dir='ltr'><strong>essent.</strong></span> <span class='ocrx_word' id='word_1_82' title='bbox 906 1064 991 1120; x_wconf 81' lang='lat' dir='ltr'><strong>Omni</strong></span> 
     </span>
     <span class='ocr_line' id='line_1_14' title="bbox 189 1133 991 1210; baseline -0.009 -14"><span class='ocrx_word' id='word_1_83' title='bbox 189 1140 242 1196; x_wconf 84' lang='lat' dir='ltr'><strong>bus</strong></span> <span class='ocrx_word' id='word_1_84' title='bbox 251 1139 303 1195; x_wconf 86' lang='lat' dir='ltr'><strong>viis</strong></span> <span class='ocrx_word' id='word_1_85' title='bbox 312 1146 392 1209; x_wconf 80' lang='lat' dir='ltr'><strong>atque</strong></span> <span class='ocrx_word' id='word_1_86' title='bbox 401 1137 545 1210; x_wconf 80' lang='lat' dir='ltr'><strong>angiportis</strong></span> <span class='ocrx_word' id='word_1_87' title='bbox 555 1135 683 1206; x_wconf 75' lang='lat' dir='ltr'><strong>triplicem</strong></span> <span class='ocrx_word' id='word_1_88' title='bbox 693 1133 796 1190; x_wconf 88' lang='lat' dir='ltr'><strong>vallum</strong></span> <span class='ocrx_word' id='word_1_89' title='bbox 808 1135 991 1194; x_wconf 85' lang='lat' dir='ltr'><strong>obduxerant:</strong></span> 
     </span>
     <span class='ocr_line' id='line_1_15' title="bbox 189 1211 992 1284; baseline -0.005 -16"><span class='ocrx_word' id='word_1_90' title='bbox 189 1221 245 1274; x_wconf 84' lang='lat' dir='ltr'><strong>erat</strong></span> <span class='ocrx_word' id='word_1_91' title='bbox 254 1221 341 1268; x_wconf 87' lang='lat' dir='ltr'><strong>autem</strong></span> <span class='ocrx_word' id='word_1_92' title='bbox 350 1211 478 1284; x_wconf 85' lang='lat' dir='ltr'><strong>quadrato</strong></span> <span class='ocrx_word' id='word_1_93' title='bbox 487 1217 636 1266; x_wconf 81' lang='lat' dir='ltr'><strong>exstructus</strong></span> <span class='ocrx_word' id='word_1_94' title='bbox 645 1226 719 1273; x_wconf 87' lang='lat' dir='ltr'><strong>saxo,</strong></span> <span class='ocrx_word' id='word_1_95' title='bbox 726 1226 815 1281; x_wconf 90' lang='lat' dir='ltr'><strong>neque</strong></span> <span class='ocrx_word' id='word_1_96' title='bbox 823 1211 926 1266; x_wconf 89' lang='lat' dir='ltr'><strong>minus</strong></span> <span class='ocrx_word' id='word_1_97' title='bbox 935 1229 992 1284; x_wconf 80' lang='lat' dir='ltr'><strong>qua</strong></span> 
     </span>
     <span class='ocr_line' id='line_1_16' title="bbox 190 1282 991 1372; baseline -0.005 -30"><span class='ocrx_word' id='word_1_98' title='bbox 190 1285 312 1372; x_wconf 68' lang='lat' dir='ltr'><strong>draginta</strong></span> <span class='ocrx_word' id='word_1_99' title='bbox 321 1286 402 1357; x_wconf 85' lang='lat' dir='ltr'><strong>pedes</strong></span> <span class='ocrx_word' id='word_1_100' title='bbox 412 1284 559 1344; x_wconf 84' lang='lat' dir='ltr'><strong>altitudinis</strong></span> <span class='ocrx_word' id='word_1_101' title='bbox 568 1282 694 1338; x_wconf 88' lang='lat' dir='ltr'><strong>habebat:</strong></span> <span class='ocrx_word' id='word_1_102' title='bbox 715 1299 840 1354; x_wconf 86' lang='lat' dir='ltr'><strong>quaeque</strong></span> <span class='ocrx_word' id='word_1_103' title='bbox 850 1297 991 1355; x_wconf 83' lang='lat' dir='ltr'><strong>partesur·</strong></span> 
     </span>
     <span class='ocr_line' id='line_1_17' title="bbox 190 1355 990 1424; baseline -0.006 -6"><span class='ocrx_word' id='word_1_104' title='bbox 190 1361 232 1418; x_wconf 88' lang='lat' dir='ltr'><strong>bis</strong></span> <span class='ocrx_word' id='word_1_105' title='bbox 242 1358 376 1418; x_wconf 78' lang='lat' dir='ltr'><strong>inferiores</strong></span> <span class='ocrx_word' id='word_1_106' title='bbox 386 1367 468 1424; x_wconf 85' lang='lat' dir='ltr'><strong>erant,</strong></span> <span class='ocrx_word' id='word_1_107' title='bbox 476 1359 524 1412; x_wconf 84' lang='lat' dir='ltr'><strong>bas</strong></span> <span class='ocrx_word' id='word_1_108' title='bbox 533 1357 670 1412; x_wconf 82' lang='lat' dir='ltr'><strong>altissimis</strong></span> <span class='ocrx_word' id='word_1_109' title='bbox 683 1355 802 1412; x_wconf 87' lang='lat' dir='ltr'><strong>turribus</strong></span> <span class='ocrx_word' id='word_1_110' title='bbox 811 1357 951 1416; x_wconf 85' lang='lat' dir='ltr'><strong>denorum</strong></span> <span class='ocrx_word' id='word_1_111' title='bbox 961 1367 990 1413; x_wconf 66' lang='lat' dir='ltr'><strong>ta</strong></span> 
     </span>
    </p>
   </div>
   <div class='ocr_carea' id='block_1_5' title="bbox 112 1430 989 1491">
    <p class='ocr_par' dir='ltr' id='par_1_5' title="bbox 112 1430 989 1491">
     <span class='ocr_line' id='line_1_18' title="bbox 112 1430 989 1491; baseline -0.006 0"><span class='ocrx_word' id='word_1_112' title='bbox 112 1447 114 1454; x_wconf 81' lang='grc'>’</span> <span class='ocrx_word' id='word_1_113' title='bbox 189 1433 341 1491; x_wconf 85' lang='lat' dir='ltr'><strong>bulatorum</strong></span> <span class='ocrx_word' id='word_1_114' title='bbox 355 1433 513 1490; x_wconf 87' lang='lat' dir='ltr'><strong>munierant.</strong></span> <span class='ocrx_word' id='word_1_115' title='bbox 533 1433 664 1488; x_wconf 82' lang='lat' dir='ltr'><strong>Praeterea</strong></span> <span class='ocrx_word' id='word_1_116' title='bbox 674 1430 739 1486; x_wconf 86' lang='lat' dir='ltr'><strong>alias</strong></span> <span class='ocrx_word' id='word_1_117' title='bbox 748 1430 946 1489; x_wconf 85' lang='lat' dir='ltr'><strong>ambulatorias</strong></span> <span class='ocrx_word' id='word_1_118' title='bbox 960 1441 989 1486; x_wconf 79' lang='lat' dir='ltr'><strong>to</strong></span> 
     </span>
    </p>
   </div>
   <div class='ocr_carea' id='block_1_6' title="bbox 142 1503 988 2611">
    <p class='ocr_par' dir='ltr' id='par_1_6' title="bbox 190 1503 988 1728">
     <span class='ocr_line' id='line_1_19' title="bbox 190 1503 986 1577; baseline -0.005 -13"><span class='ocrx_word' id='word_1_119' title='bbox 190 1509 271 1565; x_wconf 89' lang='lat' dir='ltr'><strong>tidem</strong></span> <span class='ocrx_word' id='word_1_120' title='bbox 285 1507 462 1564; x_wconf 74' lang='lat' dir='ltr'><strong>tabulatorum</strong></span> <span class='ocrx_word' id='word_1_121' title='bbox 470 1504 644 1572; x_wconf 80' lang='lat' dir='ltr'><strong>aonbxerent3</strong></span> <span class='ocrx_word' id='word_1_122' title='bbox 665 1503 846 1577; x_wconf 83' lang='lat' dir='ltr'><strong>subiectisque</strong></span> <span class='ocrx_word' id='word_1_123' title='bbox 858 1524 908 1563; x_wconf 79' lang='lat' dir='ltr'><strong>eas</strong></span> <span class='ocrx_word' id='word_1_124' title='bbox 922 1509 986 1569; x_wconf 79' lang='lat' dir='ltr'><strong>rotis,</strong></span> 
     </span>
     <span class='ocr_line' id='line_1_20' title="bbox 190 1577 988 1654; baseline -0.001 -16"><span class='ocrx_word' id='word_1_125' title='bbox 190 1583 301 1638; x_wconf 82' lang='lat' dir='ltr'><strong>funibus</strong></span> <span class='ocrx_word' id='word_1_126' title='bbox 312 1581 490 1652; x_wconf 86' lang='lat' dir='ltr'><strong>iumentisque</strong></span> <span class='ocrx_word' id='word_1_127' title='bbox 499 1579 615 1644; x_wconf 87' lang='lat' dir='ltr'><strong>obiectis,</strong></span> <span class='ocrx_word' id='word_1_128' title='bbox 631 1579 736 1636; x_wconf 86' lang='lat' dir='ltr'><strong>tlirsotis</strong></span> <span class='ocrx_word' id='word_1_129' title='bbox 745 1577 841 1650; x_wconf 77' lang='lat' dir='ltr'><strong>plateis</strong></span> <span class='ocrx_word' id='word_1_130' title='bbox 851 1580 884 1637; x_wconf 89' lang='lat' dir='ltr'><strong>in</strong></span> <span class='ocrx_word' id='word_1_131' title='bbox 900 1599 988 1654; x_wconf 86' lang='lat' dir='ltr'><strong>quam·</strong></span> 
     </span>
     <span class='ocr_line' id='line_1_21' title="bbox 190 1652 739 1728; baseline -0.011 -16"><span class='ocrx_word' id='word_1_132' title='bbox 190 1675 307 1728; x_wconf 86' lang='lat' dir='ltr'><strong>eumque</strong></span> <span class='ocrx_word' id='word_1_133' title='bbox 315 1661 370 1712; x_wconf 81' lang='lat' dir='ltr'><strong>erat</strong></span> <span class='ocrx_word' id='word_1_134' title='bbox 381 1656 470 1710; x_wconf 85' lang='lat' dir='ltr'><strong>visum</strong></span> <span class='ocrx_word' id='word_1_135' title='bbox 479 1661 579 1725; x_wconf 77' lang='lat' dir='ltr'><strong>partem</strong></span> <span class='ocrx_word' id='word_1_136' title='bbox 589 1652 739 1710; x_wconf 83' lang='lat' dir='ltr'><strong>movebant.</strong></span> 
     </span>
    </p>

    <p class='ocr_par' dir='ltr' id='par_1_7' title="bbox 142 1725 988 2611">
     <span class='ocr_line' id='line_1_22' title="bbox 245 1725 987 1798; baseline -0.003 -12"><span class='ocrx_word' id='word_1_137' title='bbox 245 1733 290 1786; x_wconf 90' lang='lat' dir='ltr'><strong>Ill.</strong></span> <span class='ocrx_word' id='word_1_138' title='bbox 301 1729 372 1786; x_wconf 83' lang='lat' dir='ltr'><strong>&#39;Urbs</strong></span> <span class='ocrx_word' id='word_1_139' title='bbox 382 1727 543 1784; x_wconf 79' lang='lat' dir='ltr'><strong>fertilissima</strong></span> <span class='ocrx_word' id='word_1_140' title='bbox 552 1734 578 1782; x_wconf 87' lang='lat' dir='ltr'><strong>et</strong></span> <span class='ocrx_word' id='word_1_141' title='bbox 586 1725 900 1798; x_wconf 84' lang='lat' dir='ltr'><strong>eopiosissimaomnium</strong></span> <span class='ocrx_word' id='word_1_142' title='bbox 907 1747 987 1786; x_wconf 87' lang='lat' dir='ltr'><strong>rerun</strong></span> 
     </span>
     <span class='ocr_line' id='line_1_23' title="bbox 191 1801 988 1876; baseline -0.004 -17"><span class='ocrx_word' id='word_1_143' title='bbox 191 1803 332 1875; x_wconf 75' lang='lat' dir='ltr'><strong>adparatus</strong></span> <span class='ocrx_word' id='word_1_144' title='bbox 341 1802 506 1876; x_wconf 83' lang='lat' dir='ltr'><strong>subgerebat.</strong></span> <span class='ocrx_word' id='word_1_145' title='bbox 525 1802 580 1872; x_wconf 92' lang='lat' dir='ltr'><strong>Ipsi</strong></span> <span class='ocrx_word' id='word_1_146' title='bbox 590 1801 720 1865; x_wconf 85' lang='lat' dir='ltr'><strong>homines,</strong></span> <span class='ocrx_word' id='word_1_147' title='bbox 733 1801 948 1874; x_wconf 81' lang='lat' dir='ltr'><strong>ingeniosissimi</strong></span> <span class='ocrx_word' id='word_1_148' title='bbox 958 1811 988 1858; x_wconf 87' lang='lat' dir='ltr'><strong>at·</strong></span> 
     </span>
     <span class='ocr_line' id='line_1_24' title="bbox 191 1873 987 1949; baseline 0 -17"><span class='ocrx_word' id='word_1_149' title='bbox 191 1895 243 1949; x_wconf 90' lang='lat' dir='ltr'><strong>que</strong></span> <span class='ocrx_word' id='word_1_150' title='bbox 253 1877 407 1941; x_wconf 71' lang='lat' dir='ltr'><strong>apertissimi,</strong></span> <span class='ocrx_word' id='word_1_151' title='bbox 422 1893 514 1948; x_wconf 79' lang='lat' dir='ltr'><strong>quaen</strong></span> <span class='ocrx_word' id='word_1_152' title='bbox 524 1875 601 1932; x_wconf 87' lang='lat' dir='ltr'><strong>nobis</strong></span> <span class='ocrx_word' id='word_1_153' title='bbox 614 1875 668 1932; x_wconf 89' lang='lat' dir='ltr'><strong>lieri</strong></span> <span class='ocrx_word' id='word_1_154' title='bbox 683 1873 811 1940; x_wconf 82' lang='lat' dir='ltr'><strong>viderant,</strong></span> <span class='ocrx_word' id='word_1_155' title='bbox 832 1892 864 1930; x_wconf 85' lang='lat' dir='ltr'><strong>ea</strong></span> <span class='ocrx_word' id='word_1_156' title='bbox 880 1877 987 1934; x_wconf 78' lang='lat' dir='ltr'><strong>sillertir</strong></span> 
     </span>
     <span class='ocr_line' id='line_1_25' title="bbox 191 1948 987 2020; baseline 0.004 -14"><span class='ocrx_word' id='word_1_157' title='bbox 191 1950 347 2016; x_wconf 81' lang='lat' dir='ltr'><strong>efficiebant,</strong></span> <span class='ocrx_word' id='word_1_158' title='bbox 367 1957 398 2006; x_wconf 90' lang='lat' dir='ltr'><strong>ut</strong></span> <span class='ocrx_word' id='word_1_159' title='bbox 411 1950 492 2005; x_wconf 89' lang='lat' dir='ltr'><strong>nostri</strong></span> <span class='ocrx_word' id='word_1_160' title='bbox 507 1948 614 2004; x_wconf 89' lang='lat' dir='ltr'><strong>illorum</strong></span> <span class='ocrx_word' id='word_1_161' title='bbox 627 1966 705 2020; x_wconf 85' lang='lat' dir='ltr'><strong>opera</strong></span> <span class='ocrx_word' id='word_1_162' title='bbox 719 1949 813 2006; x_wconf 83' lang='lat' dir='ltr'><strong>imitati</strong></span> <span class='ocrx_word' id='word_1_163' title='bbox 824 1949 987 2018; x_wconf 69' lang='lat' dir='ltr'><strong>viderentuu</strong></span> 
     </span>
     <span class='ocr_line' id='line_1_26' title="bbox 142 2023 988 2095; baseline 0.004 -17"><span class='ocrx_word' id='word_1_164' title='bbox 142 2062 147 2071; x_wconf 77' lang='lat'>.</span> <span class='ocrx_word' id='word_1_165' title='bbox 191 2031 215 2078; x_wconf 90' lang='lat' dir='ltr'><strong>et</strong></span> <span class='ocrx_word' id='word_1_166' title='bbox 225 2041 272 2078; x_wconf 83' lang='lat' dir='ltr'><strong>sue</strong></span> <span class='ocrx_word' id='word_1_167' title='bbox 283 2030 376 2094; x_wconf 87' lang='lat' dir='ltr'><strong>sponte</strong></span> <span class='ocrx_word' id='word_1_168' title='bbox 387 2023 470 2078; x_wconf 86' lang='lat' dir='ltr'><strong>multa</strong></span> <span class='ocrx_word' id='word_1_169' title='bbox 479 2023 650 2093; x_wconf 84' lang='lat' dir='ltr'><strong>reperiebant,</strong></span> <span class='ocrx_word' id='word_1_170' title='bbox 664 2039 770 2095; x_wconf 87' lang='lat' dir='ltr'><strong>unoque</strong></span> <span class='ocrx_word' id='word_1_171' title='bbox 784 2029 904 2095; x_wconf 85' lang='lat' dir='ltr'><strong>tempore</strong></span> <span class='ocrx_word' id='word_1_172' title='bbox 914 2035 988 2082; x_wconf 76' lang='lat' dir='ltr'><strong>etue</strong></span> 
     </span>
     <span class='ocr_line' id='line_1_27' title="bbox 190 2095 988 2161; baseline 0.008 -12"><span class='ocrx_word' id='word_1_173' title='bbox 190 2104 258 2152; x_wconf 88' lang='lat' dir='ltr'><strong>stras</strong></span> <span class='ocrx_word' id='word_1_174' title='bbox 268 2096 428 2154; x_wconf 83' lang='lat' dir='ltr'><strong>munitiones</strong></span> <span class='ocrx_word' id='word_1_175' title='bbox 439 2096 607 2161; x_wconf 83' lang='lat' dir='ltr'><strong>infestabant,</strong></span> <span class='ocrx_word' id='word_1_176' title='bbox 628 2105 654 2154; x_wconf 93' lang='lat' dir='ltr'><strong>et</strong></span> <span class='ocrx_word' id='word_1_177' title='bbox 662 2115 724 2154; x_wconf 80' lang='lat' dir='ltr'><strong>sues</strong></span> <span class='ocrx_word' id='word_1_178' title='bbox 738 2095 931 2154; x_wconf 79' lang='lat' dir='ltr'><strong>defendebant:</strong></span> <span class='ocrx_word' id='word_1_179' title='bbox 956 2108 988 2154; x_wconf 82' lang='lat' dir='ltr'><strong>at·</strong></span> 
     </span>
     <span class='ocr_line' id='line_1_28' title="bbox 191 2169 987 2246; baseline 0.005 -22"><span class='ocrx_word' id='word_1_180' title='bbox 191 2188 244 2244; x_wconf 91' lang='lat' dir='ltr'><strong>que</strong></span> <span class='ocrx_word' id='word_1_181' title='bbox 258 2169 322 2226; x_wconf 83' lang='lat' dir='ltr'><strong>haee</strong></span> <span class='ocrx_word' id='word_1_182' title='bbox 334 2169 466 2241; x_wconf 87' lang='lat' dir='ltr'><strong>principes</strong></span> <span class='ocrx_word' id='word_1_183' title='bbox 485 2169 514 2226; x_wconf 89' lang='lat' dir='ltr'><strong>in</strong></span> <span class='ocrx_word' id='word_1_184' title='bbox 532 2169 649 2226; x_wconf 79' lang='lat' dir='ltr'><strong>consiliis</strong></span> <span class='ocrx_word' id='word_1_185' title='bbox 667 2169 893 2244; x_wconf 84' lang='lat' dir='ltr'><strong>eoneionibusque</strong></span> <span class='ocrx_word' id='word_1_186' title='bbox 911 2173 987 2246; x_wconf 80' lang='lat' dir='ltr'><strong>agita-</strong></span> 
     </span>
     <span class='ocr_line' id='line_1_29' title="bbox 190 2245 987 2314; baseline 0 -12"><span class='ocrx_word' id='word_1_187' title='bbox 190 2245 264 2310; x_wconf 89' lang='lat' dir='ltr'><strong>bant,</strong></span> <span class='ocrx_word' id='word_1_188' title='bbox 282 2247 407 2314; x_wconf 82' lang='lat' dir='ltr'><strong>popalam</strong></span> <span class='ocrx_word' id='word_1_189' title='bbox 424 2245 568 2300; x_wconf 80' lang='lat' dir='ltr'><strong>Romanum</strong></span> <span class='ocrx_word' id='word_1_190' title='bbox 582 2249 723 2313; x_wconf 81' lang='lat' dir='ltr'><strong>paullatim</strong></span> <span class='ocrx_word' id='word_1_191' title='bbox 741 2249 768 2300; x_wconf 86' lang='lat' dir='ltr'><strong>r&#39;n</strong></span> <span class='ocrx_word' id='word_1_192' title='bbox 784 2252 987 2302; x_wconf 76' lang='lat' dir='ltr'><strong>eonsuetudnuu</strong></span> 
     </span>
     <span class='ocr_line' id='line_1_30' title="bbox 191 2321 987 2388; baseline 0 -12"><span class='ocrx_word' id='word_1_193' title='bbox 191 2325 246 2376; x_wconf 70' lang='lat' dir='ltr'><strong>uus</strong></span> <span class='ocrx_word' id='word_1_194' title='bbox 254 2323 328 2388; x_wconf 77' lang='lat' dir='ltr'><strong>repar·</strong></span> <span class='ocrx_word' id='word_1_195' title='bbox 337 2323 482 2386; x_wconf 78' lang='lat' dir='ltr'><strong>oooatpoadi</strong></span> <span class='ocrx_word' id='word_1_196' title='bbox 493 2323 595 2375; x_wconf 77' lang='lat' dir='ltr'><strong>vantra:</strong></span> <span class='ocrx_word' id='word_1_197' title='bbox 611 2323 706 2387; x_wconf 78' lang='lat' dir='ltr'><strong>paucis</strong></span> <span class='ocrx_word' id='word_1_198' title='bbox 719 2322 797 2376; x_wconf 62' lang='lat' dir='ltr'><strong>aaran</strong></span> <span class='ocrx_word' id='word_1_199' title='bbox 809 2327 888 2374; x_wconf 73' lang='lat' dir='ltr'><strong>anua</strong></span> <span class='ocrx_word' id='word_1_200' title='bbox 911 2321 987 2378; x_wconf 74' lang='lat' dir='ltr'><strong>Gabi·</strong></span> 
     </span>
     <span class='ocr_line' id='line_1_31' title="bbox 191 2392 986 2463; baseline 0.003 -15"><span class='ocrx_word' id='word_1_201' title='bbox 191 2399 264 2449; x_wconf 81' lang='lat' dir='ltr'><strong>niam</strong></span> <span class='ocrx_word' id='word_1_202' title='bbox 278 2411 335 2449; x_wconf 82' lang='lat' dir='ltr'><strong>aum</strong></span> <span class='ocrx_word' id='word_1_203' title='bbox 349 2397 467 2449; x_wconf 75' lang='lat' dir='ltr'><strong>eerraira</strong></span> <span class='ocrx_word' id='word_1_204' title='bbox 479 2397 560 2463; x_wconf 71' lang='lat' dir='ltr'><strong>faisse</strong></span> <span class='ocrx_word' id='word_1_205' title='bbox 573 2397 601 2448; x_wconf 80' lang='lat' dir='ltr'><strong>in</strong></span> <span class='ocrx_word' id='word_1_206' title='bbox 618 2392 745 2462; x_wconf 76' lang='lat' dir='ltr'><strong>Aepppto;</strong></span> <span class='ocrx_word' id='word_1_207' title='bbox 765 2392 913 2460; x_wconf 83' lang='lat' dir='ltr'><strong>Pompeium</strong></span> <span class='ocrx_word' id='word_1_208' title='bbox 922 2413 986 2450; x_wconf 81' lang='lat' dir='ltr'><strong>sera</strong></span> 
     </span>
     <span class='ocr_line' id='line_1_32' title="bbox 190 2467 987 2536; baseline 0.003 -14"><span class='ocrx_word' id='word_1_209' title='bbox 190 2474 254 2536; x_wconf 77' lang='lat' dir='ltr'><strong>sapa</strong></span> <span class='ocrx_word' id='word_1_210' title='bbox 267 2471 499 2535; x_wconf 78' lang='lat' dir='ltr'><strong>andemreacpisre,·</strong></span> <span class='ocrx_word' id='word_1_211' title='bbox 513 2467 755 2522; x_wconf 78' lang='lat' dir='ltr'><strong>anearemoeniose</strong></span> <span class='ocrx_word' id='word_1_212' title='bbox 764 2482 822 2519; x_wconf 85' lang='lat' dir='ltr'><strong>aum</strong></span> <span class='ocrx_word' id='word_1_213' title='bbox 831 2470 928 2533; x_wconf 67' lang='lat' dir='ltr'><strong>aopirb:</strong></span> <span class='ocrx_word' id='word_1_214' title='bbox 947 2487 987 2524; x_wconf 84' lang='lat' dir='ltr'><strong>ne·</strong></span> 
     </span>
     <span class='ocr_line' id='line_1_33' title="bbox 192 2541 986 2611; baseline 0.003 -17"><span class='ocrx_word' id='word_1_215' title='bbox 192 2558 240 2608; x_wconf 80' lang='lat' dir='ltr'><strong>pue</strong></span> <span class='ocrx_word' id='word_1_216' title='bbox 251 2541 448 2608; x_wconf 80' lang='lat' dir='ltr'><strong>mortePompaii</strong></span> <span class='ocrx_word' id='word_1_217' title='bbox 456 2545 597 2610; x_wconf 71' lang='lat' dir='ltr'><strong>quidquam</strong></span> <span class='ocrx_word' id='word_1_218' title='bbox 603 2544 755 2608; x_wconf 74' lang='lat' dir='ltr'><strong>profertum,</strong></span> <span class='ocrx_word' id='word_1_219' title='bbox 767 2555 817 2606; x_wconf 82' lang='lat' dir='ltr'><strong>quo</strong></span> <span class='ocrx_word' id='word_1_220' title='bbox 826 2544 914 2596; x_wconf 77' lang='lat' dir='ltr'><strong>minan</strong></span> <span class='ocrx_word' id='word_1_221' title='bbox 921 2547 986 2611; x_wconf 82' lang='lat' dir='ltr'><strong>apud</strong></span> 
     </span>
    </p>
   </div>
   <div class='ocr_carea' id='block_1_7' title="bbox 105 2613 986 2685">
    <p class='ocr_par' dir='ltr' id='par_1_8' title="bbox 105 2613 986 2685">
     <span class='ocr_line' id='line_1_34' title="bbox 105 2613 986 2685; baseline 0.005 -19"><span class='ocrx_word' id='word_1_222' title='bbox 105 2653 109 2661; x_wconf 48' lang='lat'><em>1</em></span> <span class='ocrx_word' id='word_1_223' title='bbox 191 2629 217 2666; x_wconf 79' lang='lat' dir='ltr'><strong>aa</strong></span> <span class='ocrx_word' id='word_1_224' title='bbox 229 2613 326 2670; x_wconf 83' lang='lat' dir='ltr'><strong>Caesar</strong></span> <span class='ocrx_word' id='word_1_225' title='bbox 336 2622 552 2672; x_wconf 75' lang='lat' dir='ltr'><strong>commoraretur:</strong></span> <span class='ocrx_word' id='word_1_226' title='bbox 572 2616 681 2682; x_wconf 76' lang='lat' dir='ltr'><strong>quamsi</strong></span> <span class='ocrx_word' id='word_1_227' title='bbox 694 2629 744 2667; x_wconf 77' lang='lat' dir='ltr'><strong>nort</strong></span> <span class='ocrx_word' id='word_1_228' title='bbox 758 2614 928 2680; x_wconf 75' lang='lat' dir='ltr'><strong>repulissent,</strong></span> <span class='ocrx_word' id='word_1_229' title='bbox 949 2623 986 2685; x_wconf 69' lang='lat' dir='ltr'><strong>sa·</strong></span> 
     </span>
    </p>
   </div>
   <div class='ocr_carea' id='block_1_8' title="bbox 0 0 1026 3004">
    <p class='ocr_par' dir='ltr' id='par_1_9' title="bbox 0 0 1026 3004">
     <span class='ocr_line' id='line_1_35' title="bbox 0 0 1026 3004; baseline 0 0"><span class='ocrx_word' id='word_1_230' title='bbox 0 0 1026 3004; x_wconf 95' lang='lat' dir='ltr'><strong> </strong></span> 
     </span>
    </p>
   </div>
  </div>
 </body>
</html>
