2078 2996
336 138 409 185 LIB.
421 139 464 184 ΠΙ.
494 139 573 186 ΟΑΡ.
588 141 613 186 1.
816 136 867 190 315

69 233 164 284 rugiam
174 233 246 272 eum
258 246 303 272 earn
315 235 405 274 Domitio
419 235 537 274 coniunctus
551 236 675 274 Thessaliam
689 243 785 287 aerupatr
793 241 825 278 82-
833 241 864 277 8³.

68 298 170 348 Sequitur
182 297 296 346 Pompeius.
318 297 420 336 Victorino
437 299 492 349 quati
505 298 555 338 eerti
570 299 686 348 Pompeiani
703 301 727 337 de
741 301 834 350 praemiis
846 307 866 338 et

69 361 183 398 honoribus
200 367 220 398 et
238 362 261 398 de
277 363 421 412 persequendis
438 361 552 400 inimicitiis
569 367 637 410 agunt.
665 365 743 401 att-ea.
764 363 866 400 Proelium

70 425 175 476 utrimque
190 430 280 474 peretur.
303 427 390 462 90-100.
407 423 475 472 ruga·
491 427 517 462 ed
532 423 658 469 Pharsalum,
673 425 769 474 Pompeia
786 426 866 468 interlin

69 495 138 526 outre
148 487 200 533 eius,
209 489 261 525 luxu
271 487 337 536 piene,
352 500 362 524 ι
373 489 456 532 Caesare
469 495 533 538 capte.
549 488 652 525 Domitius
665 499 744 534 ceeruu
760 487 866 536 Pompeius

69 551 119 600 fuge
129 548 224 588 elabitur·
241 555 283 589 tel.
296 550 376 590 cautu·
390 553 411 590 in
426 551 497 589 stettin
506 551 596 590 Caesaris
614 554 694 588 eurum
704 549 807 590 incendit·
825 555 865 588 102.

69 613 193 662 Fugientem
206 611 320 661 Pompeium
331 613 458 664 persequitur
467 615 545 652 caesar.
561 618 603 653 103.
612 619 655 652 tot.
669 614 709 655 iste
722 613 743 650 iu
753 615 867 662 Aegyptum

72 690 93 714 sa
103 674 188 724 reoipit,
207 675 242 713 ubi
251 675 275 713 ab
284 667 373 722 richilla,
388 676 442 726 regio
451 679 559 728 praefecto,
574 684 594 715 et
603 676 707 725 satannio,
720 676 801 714 tribuno
811 675 866 713 mili-

71 745 125 778 tum,
135 736 263 776 interficitur.
281 741 320 782 tut.
334 741 404 777 eum
413 740 513 789 Ephesiae
522 741 626 791 pecuniae,
636 753 647 778 ι
657 742 682 778 Τ.
692 739 767 790 Ampio
777 739 866 788 spolien-

73 803 124 848 dre,
143 799 216 840 iterum
233 801 330 841 auxilium
347 803 419 840 aaran.
438 803 533 842 Portenta
550 804 646 842 victorine
664 803 744 841 nuncia.
767 806 866 842 tot-108.

73 867 149 905 Caesar
156 864 301 904 Alexandriam
310 865 379 911 territt
391 867 416 904 de
428 866 518 916 Pompeii
533 879 581 904 neae
594 868 707 916 cognoscin
720 867 866 905 controversiae

72 928 185 968 Ptolemaei
201 934 222 966 et
238 929 355 978 Cleopatrae
368 930 461 968 dirimere
475 934 537 978 parat·
558 934 599 968 109.
616 931 724 968 Ereitrtru
741 930 766 970 ab
784 929 867 969 Actius

72 993 181 1032 tumultus.
201 993 222 1030 la
229 992 368 1032 Dioscoridern
377 999 396 1030 et
403 993 539 1042 Serapionem,
551 994 603 1042 regit
612 995 694 1042 legatas,
706 992 793 1032 interfici
803 991 866 1031 iubet.

72 1059 128 1107 Rege
140 1055 218 1106 petitur
227 1057 306 1096 Caesar.
323 1060 422 1094 llo-112.
435 1056 527 1094 Achillas
537 1059 638 1094 Caesarem
652 1057 754 1102 adoriturg
766 1055 788 1095 tt
801 1069 866 1106 pugna

73 1123 99 1159 ad
108 1127 200 1170 pertubat
214 1121 286 1158 orem
294 1132 355 1157 neves
364 1119 465 1164 incendit5
475 1121 589 1157 rdPharunr
599 1121 672 1158 milites
682 1120 777 1169 exponit3
790 1132 866 1169 pugna-

72 1191 109 1222 tur
117 1183 139 1222 in
147 1183 203 1221 urbe.
219 1183 273 1221 ritis
281 1183 347 1220 minor
356 1181 464 1219 Ptolemrei
477 1181 502 1218 ed
510 1180 612 1220 Aehiiianr
621 1182 693 1219 tremit
703 1182 789 1230 eregin
799 1182 867 1220 oritur

75 1248 131 1287 inter
143 1259 177 1285 eea
189 1241 213 1284 de¹
226 1246 343 1296 prinoiprtu
357 1242 498 1282 controversia.
519 1243 625 1287 Pothinus,
641 1245 693 1291 regni
708 1251 830 1294 procurator,
845 1245 867 1283 in

75 1318 133 1360 parte
144 1310 242 1352 cremia,
255 1310 307 1347 etam
321 1321 365 1345 eum
373 1307 457 1346 nabitu
468 1308 510 1356 egit
523 1312 543 1344 st
556 1308 658 1344 accesere
667 1307 796 1345 interficitur.
811 1309 867 1346 Hace

77 1373 137 1414 initia
146 1373 196 1412 belli
205 1370 349 1414 Alexandrini.
418 1367 421 1376 '

130 1513 189 1569 Car.
204 1513 223 1566 1.
242 1501 378 1566 Dictatore
389 1508 501 1564 habenta
509 1507 611 1563 comitia
621 1507 737 1572 Caesare,
748 1508 869 1564 eonsules

76 1595 197 1644 creantur
215 1585 299 1640 Iulius
317 1585 410 1640 Caesar
428 1592 453 1639 et
472 1585 500 1638 P.
520 1583 660 1638 Servilius:
682 1582 705 1636 is
725 1583 796 1637 enirn
815 1591 869 1638 erat

77 1677 173 1724 annus,
181 1676 234 1732 quo
243 1675 290 1730 per
299 1658 369 1731 leges
378 1658 401 1712 ei
410 1655 544 1712 eonsulem
554 1657 610 1711 fieri
621 1657 713 1711 liceret.
733 1657 779 1710 His
790 1657 868 1712 rebus
882 1693 887 1717 ,ι

77 1733 209 1799 coniectis,
224 1750 309 1805 quum
323 1733 388 1788 fides
403 1740 454 1788 tota
464 1731 537 1786 ltalia
546 1739 613 1786 esset
623 1731 767 1804 angustior,
783 1749 869 1803 neque
929 1795 934 1808 Ι

77 1808 189 1865 creditae
202 1807 326 1886 pecuniae
336 1807 506 1872 solverentur,
521 1806 663 1871 constituit,
679 1813 708 1860 ut
722 1805 812 1860 arbitri
822 1807 870 1862 da-

78 1893 181 1953 rentur,
202 1900 249 1956 par
262 1899 306 1938 eos
324 1883 414 1938 fierent
428 1881 619 1938 aestimationes
633 1881 830 1952 possessionum
844 1889 869 1936 et

78 1975 175 2024 rerum,
195 1958 287 2030 quanti
305 1975 427 2030 quaeque
443 1973 534 2012 earum
553 1964 613 2011 ante
633 1955 732 2010 bellurn
746 1954 865 2023 fuissent,

80 2042 155 2107 atque
169 2051 213 2089 eae
227 2033 397 2089 oreditoribus
411 2031 616 2086 transderentur.
636 2031 689 2085 Hoc
700 2038 725 2085 et
745 2031 777 2086 ad
791 2031 869 2087 timo-

81 2127 135 2164 rem
152 2125 281 2165 novarum
300 2107 450 2163 tabularum
463 2105 608 2162 tollendum
628 2105 865 2178 minuendumque,

82 2183 126 2254 qui
137 2181 187 2237 iare
196 2182 264 2238 bella
273 2191 297 2238 et
306 2182 397 2240 civiles
409 2181 586 2237 dissensiones
599 2181 675 2252 sequi
685 2182 828 2246 cousuevit,
843 2189 869 2234 et

83 2255 262 2312 addebitorum
272 2257 396 2314 tuendam
405 2256 632 2320 existimationem,
640 2256 868 2326 esseaptissimum

82 2330 245 2386 existimavit.
264 2333 336 2397 Item,
347 2331 510 2403 praetoribus
522 2331 688 2400 tribunisque
698 2329 783 2399 plebis
794 2346 869 2401 roga·

83 2406 161 2462 tiones
171 2404 204 2459 ad
215 2405 342 2476 populum
352 2405 503 2469 serentibus,
511 2404 660 2464 nonnullos,
668 2402 783 2458 ambitus
794 2403 869 2456 Pom·

82 2481 137 2554 peia
155 2479 212 2554 lege
228 2479 363 2536 ‹lamnatas
381 2479 434 2534 illis
454 2479 624 2550 temporibus,
648 2477 747 2548 quibus
763 2477 789 2530 in
804 2477 870 2532 urhe

82 2554 206 2630 praesidia
217 2553 350 2626 legionum
364 2554 503 2624 Pompeius
513 2554 648 2615 habuerat,
672 2550 748 2622 (quaa
761 2551 867 2616 iudicia,

84 2631 138 2689 aliis
147 2628 314 2686 audientibus
323 2628 541 2695 iudicibus,=aiiis
550 2625 704 2682 sententiam
714 2624 866 2692 ferentibus,
