2072 2998
172 136 219 190 178
368 140 418 188 DE
441 141 566 188 BELIiO
585 138 756 188 <sabuco

170 249 237 308 rant,
258 225 607 314 primeexanditeclamore,
628 237 691 294 inde
700 237 778 292 etiam
788 234 891 293 crebris
901 252 972 294 nun-

169 317 217 372 ciis
233 315 343 382 incitati,
365 313 494 387 oppidum
513 313 548 368 ab
561 313 687 368 Ronmanis
701 310 792 376 teneri,
813 311 972 382 praemissis

169 391 313 464 equitibus,
324 406 422 462 magne
430 403 560 444 concursu
569 385 808 442 eeoontenderunt.
828 385 932 440 Eorum
942 392 974 440 ut

169 465 284 538 quisque
294 465 397 538 primns
405 469 519 526 venerat,
533 461 668 516 subinnre
678 459 837 516 consistebat
845 475 973 514 suerum-

170 557 223 614 que
240 538 417 614 pugnantium
438 552 578 592 nnmerum
598 535 721 608 augebat.
750 532 972 606 Quorumquum

171 630 267 687 magna
285 610 427 666 multitudo
447 610 622 673 convenisset,
643 615 739 662 matres
753 605 881 673 familiae,
903 624 972 679 quae

170 687 260 759 paullo
271 694 331 742 ante
344 684 469 746 Romanis
480 684 513 739 de
526 699 604 738 mure
618 699 715 738 manus
731 680 885 747 tondehere,
907 698 972 736 euos

170 759 293 816 obtestari
311 767 338 814 et
356 774 427 812 more
444 757 545 812 Gallice
560 773 671 830 passum
691 753 819 828 capillum
837 761 972 812 ostentm

170 834 319 904 liberosque
329 831 356 885 in
367 839 536 904 conspectum
547 829 662 902 prolerre
671 836 823 902 coeperunt.
843 828 910 896 Erat
919 830 973 884 lle·

171 907 257 962 manis
267 922 315 960 nec
324 903 388 970 leco,
401 921 574 970 neenumere‚
589 921 672 976 aequa
681 902 825 960 eontentio:
839 901 935 966 simum
946 913 973 958 et

170 996 251 1036 cursu
270 986 295 1034 et
316 979 400 1050 spatie
417 995 524 1052 pugnae
536 978 678 1052 defatigati,
694 992 747 1034 nen
761 974 839 1032 facila
852 985 971 1032 meantes

170 1061 249 1128 atque
258 1053 374 1126 integros
383 1053 556 1108 sustinebant

224 1127 323 1183 XLIX.
337 1127 532 1212 Caesenquum
543 1127 635 1198 iniquo
644 1122 973 1197 leeopugnari,hestium-

170 1217 223 1287 que
232 1201 324 1276 augeri
332 1203 420 1274 copias
430 1201 539 1264 videret,
550 1206 731 1272 praemetuens
741 1199 807 1264 suis,
821 1199 856 1254 ad
865 1199 973 1254 T.Sex-

171 1283 238 1330 uum
247 1273 373 1350 legatum,
395 1291 476 1347 quem
493 1275 639 1330 minoribus
652 1273 745 1328 castris
761 1271 893 1344 praesidio
909 1272 974 1328 reli-

170 1357 272 1422 querat,
284 1350 373 1414 mittit,
389 1357 420 1404 ut
432 1349 550 1404 cohortes
563 1366 597 1406 ex
611 1347 703 1402 castris
716 1345 833 1402 celeriter
847 1346 974 1403 educeret
1017 1391 1018 1404 ,

170 1432 195 1480 et
205 1423 256 1480 sub
267 1422 430 1480 irtlimocolle
439 1423 569 1478 abdextro
578 1421 656 1476 latere
665 1421 971 1484 hostiumconstitueret:
1017 1435 1018 1445 ¹

170 1507 209 1564 ut,
226 1498 249 1554 si
259 1506 361 1556 nostros
376 1497 431 1553 loeo
441 1497 565 1572 depulsos
579 1496 696 1560 vidisset,
716 1510 771 1568 que
786 1495 877 1550 minus
887 1492 975 1552 libere

171 1574 258 1630 hostes
268 1573 476 1646 insequerentur,
487 1577 599 1627 terreret.
620 1571 678 1640 lpse
687 1567 809 1640 paullum
821 1585 857 1624 ex
869 1585 902 1624 eo
915 1567 974 1624 loeo

170 1664 233 1703 cunr
243 1647 345 1727 legione
357 1663 522 1719 progressus,
545 1645 591 1700 ubi
604 1643 761 1710 constiterat,
782 1649 909 1702 euentum
919 1661 975 1716 pu·

170 1737 238 1794 gnae
247 1721 422 1794 exspectabat.

225 1796 257 1850 L.
278 1795 366 1862 Quum
384 1792 509 1849 acerrime
528 1791 677 1848 comminus
691 1796 864 1863 pugnaretur,
879 1789 973 1848 hostes

170 1867 389 1932 loeoetnumem,
405 1867 488 1924 nostri
500 1867 595 1921 virtute
608 1865 781 1920 confiderent:
802 1864 893 1920 subito
906 1875 974 1922 sunt

169 1938 255 1995 Aedui
264 1941 326 2006 visi,
338 1942 371 1996 ab
382 1941 459 1998 latere
468 1941 563 1996 nostris
572 1949 669 2012 aperto,
680 1955 747 2010 ques
756 1937 851 1994 Caesen
859 1939 894 1995 ab
904 1938 974 1996 dex-

168 2022 208 2068 tra
219 2015 354 2086 partcalio
362 2015 500 2080 adscensu,
519 2032 615 2070 manus
624 2011 788 2068 distinendae
796 2027 900 2080 caussa,
918 2016 974 2070 mi-

170 2095 248 2144 serat.
276 2089 310 2142 lli
329 2089 505 2144 similitudine
522 2106 657 2146 armerum
678 2087 847 2144 uehementer
866 2083 972 2143 nostros

170 2169 378 2235 perterruerunt:
412 2180 456 2229 ac,
479 2164 583 2218 tametsi
601 2162 700 2218 dextris
718 2161 839 2218 humeris
858 2165 972 2220 exsertis

169 2236 454 2304 animadvertebantur,
475 2237 548 2310 quod
562 2239 666 2310 insigne
678 2236 777 2308 pacatis
791 2253 849 2292 esse
858 2253 974 2294 eonsue-

170 2319 219 2377 rat,
240 2319 327 2368 nmen
339 2311 367 2368 id
385 2311 476 2384 ipsum
485 2313 528 2366 sui
537 2311 643 2367 fallendi
658 2327 752 2366 caussa
765 2310 865 2368 milites
878 2311 914 2367 ab
923 2312 974 2370 ho-
1016 2359 1017 2376 ,

170 2387 257 2443 stibus
266 2385 363 2456 iactum
373 2387 569 2442 existimabant.
588 2384 688 2440 Eodem
699 2391 816 2456 tempore
826 2386 858 2442 L.
869 2386 972 2442 Fabius

170 2462 296 2528 centurie,
304 2462 405 2535 quique
414 2479 468 2516 nna
478 2458 788 2524 murumadscenderant,
796 2459 971 2518 circumventi

122 2548 127 2556 '
171 2543 250 2609 atque
269 2535 394 2594 interiecti
408 2535 441 2592 de
458 2546 536 2590 mure
553 2533 768 2608 praecipitantur.
793 2534 828 2589 M.
840 2535 969 2599 Petreius,

170 2611 291 2670 eiusdem
303 2610 413 2688 legionis
427 2608 553 2677 centurio,
569 2624 655 2682 quum
663 2615 752 2680 portas
761 2607 884 2666 excidere
892 2626 970 2665 eona-
