2072 2998
286 131 361 208 'nne
376 161 432 208 vn.
448 163 543 210 'cen
558 163 597 210 ao.
609 165 648 211 as.
812 165 860 218 tet

70 266 146 318 nimie
155 264 323 332 obsequentia
331 265 497 331 reliquorum,
512 269 553 318 ati
565 265 611 319 lior
620 271 804 322 incommodum
814 287 860 324 ae-

73 343 210 408 riperetarp
230 339 259 390 id
271 345 390 390 tamense
400 341 516 395 celeriter
525 343 861 397 autoritatemnmodieaa-

70 421 195 467 aeterum.
217 411 296 476 Nam,
309 415 533 482 qnorobrettqtte
543 414 861 471 Galliaeioiteteadissen-
890 479 891 484 ἵ

68 492 150 550 tit-em,
167 489 216 540 lios
225 502 275 540 sue
286 489 420 554 dilipmtia
429 492 612 543 adiuncturum
624 499 701 559 atque
710 505 789 544 unum
799 508 860 545 eota-

63 565 151 616 eiliam
162 566 244 615 lotias
256 559 361 614 Galliae
372 564 528 631 effectarum,
536 568 609 618 catos
619 581 741 619 emersu
750 581 782 618 tta
791 567 860 620 orbis

66 640 167 705 quidem
188 643 322 689 terrarum
337 640 419 702 possit
433 639 566 692 obsistere:
585 643 661 708 idque
674 656 702 694 se
710 655 793 708 prope
807 644 860 695 iam

66 715 182 779 effoetum
190 711 296 764 babere.
321 709 541 780 latereaaequum
549 729 610 776 eree,
630 717 663 770 ab
676 718 860 770 iisoomrtanie

64 788 155 840 salutis
166 801 264 841 cauete
271 788 419 852 impetrari,
438 794 468 838 ut
477 795 564 841 eastra
577 793 677 842 munire
685 794 856 853 imiliter-ent,

63 877 112 928 que
120 863 231 929 [atilius
239 861 607 928 repeatinoaltoetiumimpetaa
615 869 741 918 sustinere
747 873 857 932 potant

117 934 211 988 XXX.
230 932 295 987 Fuit
303 932 367 986 haee
374 933 454 988 oratio
463 951 515 998 nen
525 936 722 1009 ingrateGallis,
731 938 855 1005 maxime,

61 1009 135 1080 quod
144 1009 203 1080 ipse
212 1007 304 1062 animo
314 1023 366 1061 non
376 1006 508 1074 deleeerat,
525 1016 595 1065 tento
602 1019 703 1083 eeeepto
712 1012 858 1069 inoommo-

61 1084 104 1148 do,
117 1099 207 1154 neque
215 1099 245 1137 se
254 1082 283 1136 in
292 1081 423 1136 oecultum
433 1083 566 1139 abdiderat
574 1094 602 1140 et·
607 1094 771 1158 conspectum
785 1087 857 1143 mul·

61 1158 185 1214 titudinis
194 1156 313 1231 fugerat:
333 1155 447 1228 plusque
456 1159 545 1213 animo
556 1160 692 1231 previdere
701 1168 856 1234 etpreesen·

62 1231 332 1296 tireexistimabetur,
349 1231 429 1302 quod,
445 1233 597 1306 reintegra,
614 1235 700 1306 primo
714 1236 856 1293 inoenden·

62 1306 130 1360 dum
138 1307 291 1370 Avaricum,
303 1314 364 1378 pest
372 1305 544 1362 deserendum
554 1318 695 1365 censuerat.
715 1312 813 1383 ltaque,
826 1319 856 1366 ut

62 1380 226 1453 reliquorum
236 1382 424 1451 imperatorum
434 1399 476 1435 res
485 1381 608 1439 adversae
617 1385 793 1440 auctoritatem
803 1388 856 1440 mi·

62 1463 159 1521 nuent,
175 1455 484 1511 siebuiusexeontrario
496 1455 618 1528 dignitas,
637 1459 800 1514 inoornmodo
813 1473 858 1514 ae:
931 1468 955 1522 ,⁴
970 1426 982 1505 A,

59 1539 142 1603 oepto,
154 1532 183 1586 in
193 1530 251 1586 dies
260 1530 417 1603 augebatur:
438 1529 519 1584 simul
530 1531 556 1584 in
568 1547 642 1602 spem
652 1533 789 1587 veniebant
797 1535 854 1588 eius
899 1577 901 1584 Α
917 1532 960 1600 ‘','
989 1543 993 1550 ’

58 1606 243 1662 adfirmatione
257 1603 291 1660 de
309 1603 417 1676 reliquis
432 1604 607 1678 adiungendis
621 1605 779 1671 civitatibus,
800 1609 855 1678 pri·
938 1604 965 1673 ,Χ

59 1697 192 1752 mumque
204 1697 235 1736 eo
249 1689 366 1752 tempore
379 1679 448 1735 Galli
462 1687 544 1734 cestra
556 1681 660 1735 munire
673 1679 851 1748 instituerunt,

60 1763 87 1809 et
96 1755 136 1808 sie
144 1762 206 1810 sunt
215 1755 306 1810 animo
314 1755 479 1820 eonsternati,
500 1755 620 1810 homines
634 1756 729 1830 insueti
745 1754 850 1822 laboris,

60 1838 93 1884 ut
101 1829 196 1895 omnin,
209 1845 280 1902 quae
289 1829 486 1901 imperarentur,
498 1830 550 1886 sibi
558 1829 680 1903 patienda
688 1837 713 1885 et
722 1829 854 1903 perieran-

58 1903 93 1960 da
102 1904 294 1960 existimarent.

113 1979 216 2034 xxxt
236 1980 291 2034 Nee
302 1977 400 2045 minus,
417 1994 498 2051 quam
511 1987 550 2035 est
558 1979 698 2052 pollicitus,
713 1980 853 2056 Vercinge-

57 2053 128 2109 torix
136 2054 228 2109 animo
236 2052 379 2121 laborabat,
396 2061 426 2108 ut
439 2053 553 2126 reliquas
561 2055 677 2111 civitates
687 2056 849 2132 adiungeret,

58 2137 139 2200 atque
151 2145 245 2184 earum
260 2128 390 2200 principes
399 2128 475 2183 donis
489 2129 771 2206 pollicitationibusque
785 2133 853 2188 adli-

58 2203 152 2260 eiebat.
178 2203 248 2258 Huie
265 2202 303 2256 rei
321 2202 426 2258 idoneos
445 2203 565 2279 homines
578 2205 716 2280 deligebat,
736 2223 851 2279 quorum

58 2277 175 2350 quisque
195 2285 242 2333 aut
260 2277 375 2332 oratione
395 2277 515 2343 subdola,
535 2287 581 2334 aut
598 2281 711 2335 amicitia
727 2280 851 2346 facillime

57 2353 115 2424 eapi
123 2359 220 2424 posset.
241 2350 568 2428 Quibvarieoexpugnato
578 2354 734 2428 refrigerant,
745 2369 851 2408 armen

56 2427 105 2482 dos
119 2426 322 2497 vestiendosque
339 2433 421 2481 curat.
449 2426 534 2482 Simul
553 2436 584 2482 nt
602 2428 750 2483 deminutae
763 2427 851 2496 eopiae

58 2501 308 2576 redintegrarentur,
328 2501 438 2573 imperat
455 2509 555 2557 eertum
573 2517 715 2557 numerum
734 2500 850 2555 militum

57 2577 218 2640 civitatibus,
236 2592 326 2647 quem,
343 2584 369 2630 et
380 2593 461 2648 quem
475 2583 534 2630 ante
545 2577 615 2630 diem
625 2577 653 2628 in
663 2583 746 2629 castra
755 2573 850 2628 adduci

58 2650 134 2721 velit3
155 2650 356 2725 sagittariosque
370 2667 475 2716 omnes,
494 2667 607 2722 quorum
621 2656 675 2703 erat
690 2663 850 2721 permagnus
