2064 2996
167 143 198 195 40
366 146 417 192 DE
438 145 566 190 BELLO
586 144 757 191 bubulco

165 249 253 310 batet,
266 252 428 300 commeatus
437 244 472 299 ab
485 244 574 300 Remis
589 243 753 316 reliquisque
769 243 924 300 civitatibus
939 257 971 301 ut
1027 307 1028 310 Ἴ

165 322 223 376 sine
232 319 348 392 periculo
358 318 392 376 ad
407 335 468 372 eum
484 318 581 390 portari
596 326 711 388 possent,
734 316 870 374 efficiebat.
890 320 923 374 In
935 339 971 375 eo

165 393 275 450 flumine
291 410 360 466 pons
374 401 436 448 erat.
461 393 502 447 lbi
518 392 679 464 praesidium
701 391 775 463 ponit
794 399 819 445 et
838 393 866 447 in
885 393 969 448 altere

166 478 238 541 purte
257 466 376 524 fluminis
395 465 427 533 Q.
445 467 577 522 Titurium
596 465 734 531 Sabinum,
758 465 883 538 legatum,
901 484 967 522 cun.

165 562 212 600 sex
221 542 373 598 eohortibus
384 541 524 614 relinquit:
544 547 627 596 castra
642 541 670 596 in
684 539 849 596 altitudinem
864 541 964 612 pedum
987 587 990 594 .

96 612 99 616 ’
164 618 303 688 duodecim
322 615 404 681 vallo,
425 615 547 688 fossaque
564 615 746 688 duodeviginti
764 614 879 686 pedurm
903 634 964 671 mu·

165 694 222 748 nire
232 693 313 746 iubet.

219 801 261 854 Vl.
281 798 323 854 Ab
332 798 476 852 hisoastris
487 797 614 868 oppidum
627 797 780 862 Remorum,
797 796 907 852 nomine
921 800 967 853 Bi·
1027 797 1028 830 ³

167 875 242 938 brax,
258 874 346 928 eberat
355 871 438 926 millia
449 887 577 944 passuum
589 873 654 926 Vlll.
674 871 750 926 Idex
764 871 856 926 itinere
865 890 967 946 magno
1027 887 1028 918 ὲ

165 950 265 1020 impetu
277 947 371 1020 Belgae
385 963 537 1020 oppugnare
550 954 697 1018 coeperunt.
717 948 802 1018 Aegre
815 961 846 1000 eo
859 947 903 1001 die
917 965 965 1002 su·
1027 953 1028 960 ’

164 1030 306 1077 stentatum
316 1029 364 1076 est.
378 1020 523 1076 Gallorum
531 1020 623 1076 eadem
632 1027 711 1092 atque
723 1021 965 1094 Belgarumoppu-

164 1095 380 1170 gnatioesthaee.
399 1095 458 1160 Ubi,
470 1095 634 1148 circumiecta
643 1094 964 1152 multitudinehomiuum
1027 1163 1028 1168 Ἰ

164 1171 224 1226 totis
241 1169 388 1233 moenibus,
403 1168 524 1240 undique
537 1168 637 1238 lapides
650 1169 678 1224 in
693 1185 802 1224 murum
816 1168 865 1223 iaoi
878 1174 963 1242 coepti
1027 1179 1028 1190 ¹

163 1253 235 1309 sunt,
248 1259 396 1315 murusque
405 1241 586 1296 defensoribus
596 1243 711 1297 nudatus
720 1252 768 1309 est,
780 1242 914 1300 testudine
925 1247 964 1301 fa·
1027 1243 1028 1306 l

163 1325 203 1372 ota
212 1325 300 1389 portas
309 1317 461 1381 sumedunt,
474 1333 636 1388 murumque
651 1318 792 1372 subruunt.
813 1316 891 1384 Quod
905 1327 962 1375 tum

164 1391 333 1449 facilefiebat.
355 1392 422 1445 Nam
436 1407 521 1464 quum
530 1397 601 1446 tanta
610 1392 752 1446 multitudo
762 1392 862 1463 lapides
872 1411 904 1448 ao
913 1395 963 1450 tela

163 1466 332 1532 ooniioerent,
356 1465 384 1520 in
403 1483 480 1520 muro
498 1466 657 1521 oonsistendi
675 1473 788 1537 potestas
805 1475 861 1522 erat
881 1470 961 1524 nulli.

163 1541 252 1609 Quum
268 1541 348 1596 linem
364 1540 535 1616 oppugnandi
550 1559 603 1596 nox
617 1540 727 1607 fecisset,
748 1542 831 1596 locius
850 1543 960 1611 Remus,

163 1635 270 1672 summa
278 1615 412 1672 nobilitate
424 1624 449 1674 et
462 1616 626 1690 gratia‘inter
639 1632 711 1679 suos,
731 1616 779 1686 qui
793 1623 851 1670 tum
864 1620 965 1690 oppido

162 1700 288 1762 praeerat,
304 1709 376 1746 unus
386 1709 419 1744 ex
431 1692 483 1756 bis,
501 1690 549 1761 qui
564 1689 642 1762 legati
655 1688 688 1743 de
700 1705 764 1760 paee
776 1689 810 1744 ad
823 1691 962 1750 Caesarem

162 1774 297 1830 venerant,
317 1765 428 1820 nuncios
442 1765 550 1818 adeum
564 1763 652 1827 mittit,
674 1763 727 1817 nisi
737 1763 892 1821 subsidium
910 1769 961 1824 sibi

162 1839 342 1905 submittatur,
354 1856 411 1894 sese
422 1837 522 1893 diutius
531 1837 662 1892 sustinere
669 1855 722 1893 non
731 1855 819 1910 posse.

216 1953 271 2008 VII.
290 1954 330 2007 Εο
349 1953 382 2008 de
403 1955 489 2009 inedia
507 1961 581 2009 nocte
599 1953 707 2022 Caesar,
732 1957 827 2012 iisdem
845 1958 962 2016 ducibus

163 2043 238 2092 usus,
259 2027 308 2098 qui
321 2029 410 2082 nuncii
421 2029 455 2082 ab
465 2029 530 2083 lmio
540 2038 674 2097 venerant,
686 2031 815 2087 Numidas
823 2041 851 2086 et
871 2034 962 2090 Cretas

162 2101 310 2174 sagittarios
318 2109 343 2156 et
351 2100 617 2160 funditoresBaleares
625 2106 744 2161 subsidio
753 2106 894 2176 oppidanis
900 2111 963 2164 mit-

161 2176 205 2230 tit:
226 2187 342 2248 quorum
359 2176 474 2233 adventu
488 2186 513 2233 et
526 2179 625 2246 Remis,
644 2197 707 2236 oum
724 2197 772 2252 spe
787 2179 959 2249 defensionis,

161 2249 281 2308 studium
295 2252 479 2326 propugnandi
498 2256 614 2320 adcessit,
634 2263 660 2309 et
677 2255 798 2310 hostibus
817 2255 910 2312 eadem
928 2258 962 2313 de
985 2253 1000 2284 ⁴

161 2343 255 2382 caussa
264 2343 324 2399 spes
334 2327 456 2400 potiundi
464 2327 555 2400 oppidi
563 2328 694 2384 dieeeesit.
705 2330 805 2400 Itaque,
815 2331 962 2403 paullisper

161 2401 233 2472 apud
241 2403 370 2474 oppidum
379 2403 481 2469 morati,
496 2421 626 2478 agrosque
640 2405 783 2458 Remorum
797 2404 961 2476 depopulati,

161 2477 287 2532 omnibus
297 2478 362 2534 viois
371 2477 558 2550 aedificiisque,
571 2495 639 2550 quos
649 2478 720 2533 adire
731 2485 858 2548 poterant,
871 2479 961 2536 ineen-

163 2550 209 2613 sis,
227 2551 260 2605 ad
269 2560 353 2608 castra
366 2553 484 2609 Caesaris
496 2553 622 2608 omnibus
636 2553 718 2623 oopiis
731 2552 923 2608 oontenderunt
936 2573 950 2610 e

162 2625 196 2680 ab
209 2625 330 2684 millibus
338 2645 468 2700 passuum
478 2628 569 2686 minus
582 2630 605 2684 ll
618 2635 702 2683 castra
715 2634 871 2699 posuerunt,
891 2645 955 2700 qum
