2072 2998
319 189 421 236 ΗΜ.
450 187 528 236 CAP.
542 187 582 235 46.
593 187 635 236 st.
820 187 871 243 263

65 286 183 345 nullum
193 285 291 344 frustra
301 287 383 344 telum
396 289 425 345 in
437 305 482 344 eos
495 289 654 344 mitteretur:
674 296 761 345 tamon
775 291 871 348 virtuto

66 373 90 419 ut
104 362 240 438 potientis
254 362 412 430 nitebantur,
432 371 512 436 atquo
529 363 618 420 omnio
631 362 742 420 sulnoru
756 366 871 422 sustino-

66 439 148 495 bent.
169 437 327 512 Augebatur
339 437 393 492 illis
410 439 494 510 eopia,
514 445 593 511 utque
606 455 639 494 ox
651 439 743 494 uostris
752 439 870 496 oohortes

67 531 116 586 per
125 511 261 586 oppidum
271 511 361 568 orsbro
370 512 600 580 submittebatur,
619 519 648 568 ut
658 512 752 587 integri
762 513 870 570 defossis

67 589 255 644 suooedsront.
266 584 320 642 lloo
328 586 399 642 idom
408 587 502 644 Censor
510 586 593 643 fauere
602 588 751 662 cogebatur,
760 597 798 655 ut,
806 591 871 644 sub-

68 664 167 719 missis
177 662 206 717 in
216 660 339 718 eumdem
349 660 436 716 looum
444 662 603 728 cohortibus,
612 662 728 718 defossos
737 666 868 736 reciperet.

125 734 225 794 XLVI.
245 737 298 792 lloo
306 753 391 809 quum
400 735 700 812 ossetmodopugnutum
710 739 871 794 oontiueuter

69 812 148 868 horis
158 811 282 886 quinque
290 811 426 883 nostrique
438 811 546 898 gravius
559 829 574 866 a
590 811 760 869 multitudine
769 831 871 886 premo·

70 895 182 956 rentur3
214 886 359 941 oonsurntis
378 887 503 942 omnibus
521 885 594 952 telis,
616 887 713 961 gladiis
731 887 868 953 destrictis,

70 962 208 1036 impetum
218 959 344 1016 adversus
354 967 470 1016 montem
483 961 513 1015 in
526 961 638 1017 oohortis
648 961 755 1028 iaciunt,
767 964 872 1036 paucis-

71 1054 127 1110 que
136 1035 255 1102 deiectis,
266 1033 381 1108 reliquos
390 1043 603 1091 sesooonvertsro
610 1045 716 1112 cogunt.
737 1037 871 1094 Submotis

72 1112 127 1168 sub
138 1127 250 1166 murum
259 1109 409 1166 ouhortibus
419 1127 449 1165 uo
459 1109 586 1166 nonnulla
599 1119 671 1183 parto
679 1122 783 1184 propter
791 1121 877 1168 terro.

72 1205 131 1242 rum
141 1187 172 1241 in
186 1184 315 1258 oppidum
326 1184 479 1256 oompulsis‚
499 1183 583 1240 facilis
596 1193 636 1240 ost
648 1188 744 1242 nostris
754 1198 871 1259 rooeptus

73 1261 166 1317 dutus.
186 1259 328 1332 Equitutus
342 1267 429 1315 sutem
443 1267 531 1314 nostor
542 1259 576 1314 ab
590 1267 702 1334 utroquo
715 1260 802 1328 latere,
819 1265 870 1317 etsi

72 1335 184 1392 'deiectis
193 1342 272 1408 atquo
280 1334 447 1390 inferioribus
458 1334 521 1390 locis
530 1335 686 1401 onustiterut
700 1345 786 1392 tomen
797 1354 872 1392 surn-

74 1428 154 1466 nrum
163 1410 192 1466 in
201 1410 296 1484 iugum
306 1410 403 1466 virtuto
410 1408 553 1464 oounititur
560 1409 720 1481 utquo,iuter
729 1410 794 1465 dnus
804 1412 872 1466 acius
914 1475 924 1490 ,

75 1485 255 1559 perequitans,
261 1484 465 1540 commodiorem
471 1501 500 1539 uo
507 1483 628 1538 tutiorem
636 1484 732 1540 nostris
739 1494 871 1556 receptum

76 1561 130 1616 dat.
150 1560 574 1646 ltuvnriooertominopugnutum
583 1566 630 1614 est.
650 1559 737 1614 Nostri
748 1559 775 1614 in
784 1560 872 1631 primo
935 1574 940 1586 ¹

77 1651 221 1708 oongressu
231 1636 331 1690 oircitor
339 1635 416 1691 LXX
424 1633 582 1700 oeciderunt,
594 1635 622 1690 in
635 1632 679 1688 his
688 1633 721 1700 Q.
731 1632 872 1708 Fulginius

79 1727 114 1765 ex
130 1708 216 1780 primo
227 1709 329 1766 hastato
342 1708 454 1783 legionis
467 1709 537 1774 xlv,
557 1709 605 1782 qui
624 1715 729 1782 propter
745 1709 872 1764 eximium

81 1784 204 1839 virtutem
213 1800 246 1840 ox
257 1783 426 1840 inferioribus
439 1783 579 1840 ordinibus
593 1784 621 1840 in
636 1800 697 1839 oum
712 1782 799 1839 locuni
813 1801 873 1856 per-

23 1912 26 1924 ,
81 1865 196 1914 venerut.
208 1857 386 1916 vulnerantur
395 1858 509 1932 emplius
519 1857 572 1916 DC.
584 1843 781 1915 Exdlraniuuis
791 1859 873 1914 intor-

83 1933 205 1990 fioiuntur
220 1930 250 1989 T.
267 1934 408 2000 Caecilius,
428 1934 508 2008 primi
521 1934 570 2007 pili
584 1934 714 2000 mutuno,
735 1943 761 1989 et
772 1945 873 2007 praetor
967 1928 971 1936 ’

82 2026 142 2065 eum
151 2009 314 2064 oenturioues
324 2018 445 2082 quotuor,
460 2009 557 2065 milites
566 2009 681 2083 amplius
689 2009 804 2066 duoonti.

134 2083 239 2139 XLVII.
259 2083 311 2138 Sod
323 2083 386 2140 huso
397 2085 454 2140 eius
464 2085 515 2140 diei
529 2083 674 2158 praefertur
685 2085 782 2160 opinio,
802 2092 833 2140 ut
844 2102 873 2140 so

83 2157 186 2228 utrique
193 2157 341 2230 superiores
351 2158 502 2215 discessisse
511 2160 704 2225 existimarent;
724 2159 870 2225 Afraniani,

85 2231 162 2304 quod,
173 2249 258 2304 quum
265 2249 322 2288 esse
330 2234 451 2290 omniurn
462 2234 559 2290 iudicio
566 2234 701 2291 inferiores
712 2235 870 2298 viduorum,

86 2305 230 2361 oomnrinus
249 2307 368 2364 tamdiu
387 2309 517 2364 stotisseut
534 2317 560 2365 et
581 2317 730 2366 nostrorum
744 2311 873 2380 impetum

87 2379 269 2436 sustinuissent
282 2389 308 2438 et
320 2382 395 2437 initio
413 2383 500 2438 locum
512 2384 702 2456 tumulumque
716 2383 871 2447 tenuissent,

87 2473 150 2530 quus
158 2472 251 2512 ouussu
261 2456 398 2530 pugnandi
408 2456 501 2525 luunt,
512 2466 537 2514 et
547 2465 649 2514 nostros
658 2457 744 2528 primo
752 2473 874 2530 congrus-

87 2549 118 2588 su
126 2540 193 2606 terge
202 2539 302 2587 vertero
311 2531 468 2604 ooogissent:
489 2533 571 2588 nostri
582 2539 678 2595 sutem,
689 2531 770 2604 quod,
781 2530 875 2602 iniquo

88 2605 139 2663 loon
156 2614 235 2679 atquo
253 2603 350 2675 impuri
368 2608 500 2680 oongrossi
517 2623 637 2671 nuruum,
662 2605 781 2680 quinque
802 2605 875 2660 horis

10 2723 11 2740 t
90 2681 211 2756 proolium
220 2677 418 2746 sustinuissent,
434 2681 506 2755 quod
513 2689 629 2738 montom
638 2679 734 2756 gladiis
745 2679 875 2736 destrictis
893 2742 897 2755 θ
