2064 2996
289 161 360 206 LIB.
374 161 421 206 111.
452 162 532 210 CAP.
547 167 573 210 4.
588 166 614 212 5.
818 163 850 216 57

110 259 149 316 lli.
170 261 218 316 llis
227 260 334 316 nunciis
343 259 466 332 acceptis,
478 260 571 326 Galba,
586 277 672 332 quum
686 281 771 336 neque
785 283 852 339 opus

60 334 222 391 hibernorum
234 335 453 406 munitionesque
465 333 543 406 plene
554 343 641 390 essent
653 337 787 408 perlectae,
806 359 851 396 ne-

57 425 104 479 que
112 409 143 464 de
153 409 290 464 frumento
302 409 460 482 reliquoque
472 417 619 464 commeatu
634 411 698 465 satis
711 421 778 468 esset
791 431 852 484 pro-

56 483 146 549 visum,
159 483 244 556 quod,
257 482 390 538 deditione
398 481 465 537 fecta
474 483 666 556 obsidibusque
674 487 793 556 acceptIs,
810 489 852 542 ni-

53 557 88 612 hil
98 558 130 613 de
140 558 213 613 hello
226 557 377 612 timendum
394 557 597 623 existimaverat,
613 558 724 614 consilio
737 560 852 616 celeriter

53 640 197 697 convocato,
210 632 353 686 sententias
363 631 504 702 exquirere
512 632 604 702 coepit.
625 629 684 698 Quo
692 633 721 688 in
731 634 849 700 consilio,

54 723 131 776 quum
141 714 250 762 tantum
263 705 395 777 repentini
408 704 518 776 periculi
532 713 632 776 praeter
645 708 796 779 opinionem
809 725 848 764 ao

53 781 160 847 cidisset,
183 797 215 835 ac
227 779 282 836 iam
298 777 456 834 omniafere
466 780 600 850 superiora
611 779 666 836 loca
681 781 852 840 multitudine

52 864 211 910 armatorum
232 853 362 925 completa
380 853 604 923 conspicerentur,
629 871 714 928 neque
731 857 851 914 subsidio

51 930 141 995 veniri,
154 943 245 1000 neque
252 934 418 990 commeatus
431 929 579 998 supportari
589 929 736 986 interclusis
750 933 851 987 itineri·

50 1002 98 1058 bus
107 1011 226 1075 possent,
244 1017 326 1073 propo
335 1001 391 1055 iam
400 1000 534 1072 desperata
543 1001 635 1068 salute,
648 1003 790 1061 nonnullae
798 1005 850 1061 hu-

50 1076 163 1132 iusmodi
176 1076 322 1132 sententiae
333 1074 498 1140 dicebantur,
518 1081 556 1141 ut,
577 1076 772 1149 impedimentis
790 1080 851 1134 reli-

49 1153 103 1217 ctis,
124 1151 263 1223 eruptione
271 1149 349 1216 iacta,
365 1148 461 1203 iisdem
471 1150 618 1216 itineribus,
634 1152 733 1223 quibus
748 1170 778 1208 oo
791 1171 851 1225 per-

50 1227 192 1291 venissent,
204 1223 236 1280 ad
248 1223 363 1280 salutem
372 1223 566 1279 contenderent.
586 1224 678 1281 Maiori
686 1231 773 1282 umen
783 1229 850 1298 parti

51 1298 155 1369 placuit,
166 1300 216 1354 boc
225 1305 360 1355 reservato
369 1296 404 1354 ad
414 1303 561 1354 exuemum
570 1299 688 1366 consilio,
698 1300 803 1356 interim
812 1303 850 1357 rei

51 1379 172 1428 eventum
182 1373 298 1446 experiri
308 1380 336 1428 et
344 1378 429 1427 castra
437 1371 583 1428 defendere.

104 1448 149 1503 lv.
166 1449 242 1506 Brevi
252 1447 340 1520 spatio
352 1446 494 1513 interiecto,
513 1448 560 1503 vix
573 1453 604 1501 ut
617 1447 661 1502 his
673 1448 761 1513 rebus,
783 1465 850 1520 quas

50 1522 253 1589 massinissae,
261 1519 424 1578 collocandi
433 1529 513 1594 atque
522 1521 737 1576 administrandis
747 1529 851 1591 tempus

49 1595 162 1662 daretur,
174 1597 261 1653 hostes
271 1613 306 1653 ox
315 1594 444 1650 omnibus
453 1595 583 1668 partibus,
592 1594 670 1667 signo
679 1593 747 1658 dato,
759 1595 852 1648 decur-

49 1687 112 1736 rere,
120 1670 223 1743 lapides*
228 1685 368 1748 gaesaque
378 1669 407 1724 in
415 1669 518 1724 vallum
527 1667 663 1724 coniicere:
675 1667 852 1796 nostr-ietrimo

48 1744 158 1819 integris
166 1747 271 1803 viribus
280 1744 388 1802 fortiter
396 1759 551 1817 repugnare,
563 1759 649 1816 neque
658 1741 746 1798 ullum
767 1750 851 1798 rastra

48 1819 130 1874 telum
139 1837 172 1878 ox
180 1821 237 1878 loco
250 1819 394 1894 superiore
407 1819 524 1872 mittere:
544 1825 575 1873 ut
595 1815 717 1890 quae'que
734 1835 796 1890 pars
809 1834 852 1872 ca·

47 1903 161 1950 strorum
170 1897 270 1952 nudata
280 1891 468 1950 defensoribus
477 1885 852 1964 piemividebatur,eooceur-

47 1985 104 2023 rere
111 1977 137 2025 et
145 1971 278 2027 auxilium
288 1968 374 2023 ferre:
395 1967 442 2020 sed
451 1967 501 2021 hoc
512 1967 640 2038 superari,
662 1967 735 2040 qnod
748 1967 851 2023 diutur-

48 2044 127 2098 nitate
134 2063 240 2118 pugnae
253 2045 347 2099 hostes
358 2039 452 2094 defessi
462 2041 561 2112 proelio
570 2042 737 2108 exoedebant,
754 2040 799 2097 alii
810 2043 852 2096 in·

48 2119 128 2188 egris
144 2120 249 2174 viribus
268 2113 460 2171 succedebant:
486 2133 601 2186 quarum
620 2133 709 2172 renim
726 2135 740 2170 a
755 2117 852 2171 nostris

48 2198 150 2316 propter
157 2193 320 2264 paucitatem
313 2187 397 2316 §hegin
398 2187 580 2317 diihsssglotem
594 2207 624 2244 ac
634 2208 690 2278 non
709 2189 788 2318 Ἔοάο
794 2190 853 2314 gg}

49 2281 163 2469 ἓξὲξ
168 2281 339 2400 {zlffsnttiloeegt’
352 2301 519 2407 reliudueudi
524 2281 559 2392 ¹dec
567 2281 853 2409 :diffiip‘dildnddiacul-

162 2420 216 2470 tur.

102 2486 134 2543 V.
154 2487 244 2554 Quum
256 2486 315 2540 iam
325 2481 520 2554 ampliushoris
530 2485 854 2550 sexcontinenterpugna-

52 2566 118 2614 ratrir
127 2577 157 2616 ac
165 2579 220 2618 non
230 2559 325 2618 solum
334 2557 415 2622 vires,
438 2559 485 2612 sed
498 2555 643 2624 etiamxtela
656 2553 751 2608 nostris
761 2551 855 2604 defice

53 2641 105 2688 rent
115 2641 193 2709 atque
202 2636 296 2692 hostes
303 2630 531 2696 acriusinstarent,
540 2625 804 2701 languidioribusque
809 2640 856 2678 no-
