2044 2992
226 129 485 176 HISPANIENSI.
517 131 597 177 cAP.
611 132 654 178 19.
795 129 845 182 503

50 225 149 299 perisse
159 243 334 299 quemquem.
354 227 461 292 Servus,
474 228 551 282 ouius
561 228 685 286 dominus
695 230 721 285 in
728 230 846 286 Caesaris

51 299 540 373 castrisfuissetuxoremqueetlilium
550 303 578 358 in
587 304 684 375 oppido
694 304 843 374 reliquerat,

50 374 189 430 dominum
205 375 337 447 iugulavit
348 383 373 430 et
386 376 421 430 ita
431 376 498 431 olem
512 377 656 432 aCaeseris
667 378 804 448 praesidiis
819 380 845 432 in

49 449 167 520 Pompeii
179 456 262 504 castra
275 449 395 504 discessit
414 460 440 507 et
461 451 589 505 indicium
609 451 706 524 glande
719 453 846 522 scriptum

15 519 16 530 ¹
50 523 134 586 misit,
150 539 196 592 per
208 523 281 594 quod
290 524 382 578 oedior
392 524 463 579 fieret
472 525 578 589 Caesar,
593 541 661 596 quae
671 525 804 598 inoppido
814 527 847 580 ad

15 595 17 624 l
49 595 474 668 defendendumoompararentur.
492 598 847 671 ltalitterisaoneptis,quum

15 665 18 702 ¹
49 671 79 726 in
93 669 221 741 oppidum
235 672 414 736 revertissent,
435 673 483 744 qui
495 674 597 728 mittere
610 673 735 746 glandem
753 672 849 727 inseri·

48 751 124 816 ptam
134 742 260 810 solebant,
276 745 426 818 insequenti
436 754 554 818 tempore
562 747 616 802 duo
626 748 746 802 lusitani
756 747 848 801 iratres

15 811 19 850 ¹
48 816 202 891 transfugae
228 821 402 886 nunciarunt,
429 839 510 892 quam
533 821 673 894 Pompeiis
695 821 848 886 nonnionem

15 889 18 972 l
48 891 200 948 habuisset:
221 899 343 963 quoniam
357 899 450 964 oppido
463 900 579 952 enhndto
592 914 644 952 non
650 905 737 965 posset
750 901 847 958 verrere,

15 977 19 1000 ’
47 975 128 1022 noctu
141 984 175 1022 eo
184 971 395 1024 adversandum
406 979 540 1037 conpectu
549 988 576 1024 ee
585 975 738 1025 deducerent
748 975 783 1024 ad
792 987 849 1024 mre

15 1043 18 1074 ¹
47 1057 200 1095 reuersum:
219 1057 306 1104 unum
316 1042 526 1112 respondissent
532 1049 620 1110 potine
629 1049 664 1099 nd
672 1048 849 1099 dimicandum

15 1115 20 1146 ³
47 1117 323 1182 descenderentquum
331 1121 518 1184 eipnumfupoe
528 1122 702 1171 ostenderent:
720 1118 849 1187 numqui

15 1187 19 1224 ¹
47 1189 86 1244 ita
101 1187 203 1242 locutus
210 1195 288 1252 esset,
305 1187 464 1260 iugulatum.
484 1189 583 1244 Eodem
594 1198 710 1261 tempore
721 1191 849 1245 tabellarii

15 1261 18 1296 ³
48 1263 109 1318 eius
123 1259 287 1332 deprehensi.
309 1262 357 1332 qui
371 1261 405 1316 ad
418 1262 546 1333 oppidum
560 1264 709 1329 veniebant,
733 1281 849 1335 quorum

49 1337 150 1392 litteras
163 1333 258 1390 Caesar
266 1334 406 1406 oppidanis
415 1336 510 1390 obiecit
517 1344 551 1400 et,
564 1338 610 1406 qui
623 1338 703 1390 vitam
713 1338 765 1391 sihi
778 1346 849 1408 pete·

15 1413 18 1444 l
48 1417 99 1474 rat,
117 1408 195 1462 iussit
204 1415 303 1464 turrem
314 1408 429 1482 ligneam
443 1409 634 1480 oppidanorum
650 1410 799 1466 iooendere:
822 1409 849 1465 ld

15 1489 17 1520 ⁵
45 1485 73 1542 si
90 1482 206 1548 lenisset,
227 1483 252 1538 ei
266 1499 294 1538 se
308 1484 431 1555 promisit
447 1484 537 1538 omnia
556 1500 755 1538 oonoessurum:
776 1484 848 1555 quod

16 1559 18 1592 ἶ
48 1556 160 1616 difficile
169 1556 309 1622 eretiaom,
322 1564 352 1612 ut
360 1575 418 1612 eam
427 1565 526 1612 turrem
539 1557 597 1612 sine
607 1556 723 1628 perionlo
736 1558 798 1629 quis
808 1557 850 1611 in-

16 1633 17 1646 *
47 1631 182 1688 canderet.
197 1630 603 1704 lte*laeturusdeligno,quum
611 1631 850 1702 propiusaocessis·

48 1713 99 1769 sel,
116 1704 150 1759 ab
163 1705 303 1776 oppidanis
318 1712 358 1760 est
370 1705 483 1760 oooisus.
512 1706 610 1760 Eadem
626 1712 700 1759 noete
713 1703 848 1776 transfuga

49 1779 199 1843 nunciavit,
211 1779 366 1850 Pompeium
375 1779 551 1834 etLabienum
561 1779 594 1834 de
603 1778 765 1852 iugulatione
774 1779 850 1850 oppi-

48 1856 182 1912 denorum
191 1852 342 1926 indignatos
351 1870 417 1909 esse.

107 1928 181 1984 XIX.
192 1927 286 2001 Vigilia
297 1927 411 1984 secunda
421 1926 728 1999 proptermullitudinem
737 1925 848 1982 talorum

49 2002 133 2058 turris
143 2001 238 2074 lignea.
259 2019 329 2074 quae
338 2010 425 2057 nostra
439 2000 540 2065 luisset,
562 2001 596 2056 ab
611 2002 663 2056 imo
674 2002 768 2056 vilium
779 2000 846 2065 lenit,

49 2077 180 2147 usquead
190 2076 337 2132 tabulatum
346 2075 495 2132 secundum
504 2085 529 2130 et
540 2077 653 2131 tertium.
673 2077 772 2130 Eodem
783 2084 850 2130 tem-

50 2167 175 2222 porepro
185 2168 262 2206 muro
271 2158 420 2225 pugnatum
433 2150 567 2216 acerrime,
582 2157 607 2204 et
617 2150 711 2204 turrim
722 2158 847 2215 nostram,

51 2231 82 2278 ut
91 2224 262 2292 superiorem,
278 2225 460 2289 inpenderunt,
474 2224 580 2288 idcireo,
597 2224 668 2296 quod
680 2232 789 2279 ventum
802 2241 851 2294 op-

51 2295 144 2370 pidani
157 2298 303 2354 seeundum
314 2300 473 2354 habuerunt.
495 2299 643 2370 insequenti
660 2298 718 2352 luoe
727 2296 850 2352 materia-

52 2370 142 2426 milies
151 2369 184 2424 de
195 2387 272 2426 muro
281 2389 309 2426 se
321 2373 422 2437 deiecit,
437 2382 463 2428 et
471 2372 504 2428 ad
514 2390 563 2426 nos
572 2370 704 2436 transiliit,
718 2371 848 2442 dixitque,

51 2465 79 2502 ee
89 2461 148 2502 oum
156 2448 257 2515 [amulo
266 2452 431 2502 constitutum
446 2451 573 2509 holeinse,
592 2455 622 2500 ot
636 2462 689 2499 une
704 2449 851 2515 transsupe-

51 2530 110 2577 rent
120 2525 156 2576 od
168 2519 319 2588 Caesarem
338 2524 412 2576 ittam
424 2537 573 2590 oppressam
587 2528 611 2574 et
624 2522 777 2588 tupelotonr.
798 2520 851 2573 lloo

52 2603 183 2669 praeterea
201 2601 317 2666 tempore
336 2594 444 2652 tabellae
461 2595 495 2652 de
514 2611 591 2651 muro
609 2593 803 2660 suntdeieetae,
823 2594 849 2648 in
