2064 2996
164 163 196 213 38
367 164 417 210 DE
440 162 565 208 BELLO
590 163 759 208 GALLICO

218 264 263 320 111.
283 263 322 319 Eo
335 279 420 336 quum
434 261 467 316 de
485 261 629 333 improviso
641 261 804 332 celeriusque
819 262 896 318 omni
910 266 969 336 opi-

163 335 967 410 nionevenisset,Remi,quiproximiGalliacexllelgissunt,

164 413 274 468 adeum
290 411 397 486 legatos,
418 411 516 466 loeium
528 418 553 466 et
567 409 767 484 Antebrogium,
783 411 887 481 primos
901 413 969 468 civi-
1025 475 1026 480 ἵ

162 488 232 553 tatis,
248 487 387 551 miserunt,
399 486 447 557 qui
457 483 580 551 dicerent,
596 503 625 539 se
634 501 735 556 suaque
745 485 834 538 omnia
845 487 873 540 in
885 486 968 542 fidem
1025 537 1026 540 ,

163 570 243 634 atque
252 562 280 616 in
294 566 446 633 potestatem
459 559 550 632 populi
564 560 676 615 Romani
693 559 857 631 permittere:
879 577 969 633 neque

163 653 191 691 se
201 653 263 690 curn
271 635 358 708 Belgis
368 632 479 707 reliquis
490 635 662 698 consensisse,
682 651 768 705 neque
780 641 870 688 contre
878 651 969 707 popu-

73 719 76 723 “
163 710 221 766 lum
230 711 383 765 Romanum
396 709 505 764 omnino
517 709 681 764 coniurasse:
701 716 860 780 paratosque
873 726 934 764 esse
943 718 968 765 et

163 783 268 839 obsides
278 781 349 848 dere,
369 789 394 837 et
404 783 530 855 imperata
538 781 630 848 lacere,
650 789 676 837 et
684 781 788 854 oppidis
798 783 924 854 recipere,
942 793 967 839 et

161 856 527 928 frumentooeterisquerebus
536 857 636 913 iuvare:
648 856 763 928 reliquos
772 856 966 932 omnesBelgas

162 933 191 987 in
202 931 284 985 armis
293 947 364 986 esse:
380 930 587 1004 Germanosque,
598 931 646 1004 qui
655 931 693 986 cis
700 931 823 986 Rhenum
833 931 965 1000 inoolunt,

163 1023 221 1060 sesa
230 1021 292 1058 cum
301 1005 344 1058 his
354 1005 532 1070 coniunxisse,
544 1011 701 1078 tantumque
709 1022 765 1060 esse
774 1021 868 1060 eorum
877 1009 968 1063 omni-

162 1097 210 1134 um
230 1078 354 1143 furorem,
374 1085 404 1133 ut
423 1095 456 1134 ne
475 1079 629 1134 Suessiones
647 1079 769 1151 quidem,
789 1078 883 1134 fratres
902 1099 967 1139 con·

162 1153 376 1226 sanguineosque
387 1169 459 1217 suos,
474 1153 521 1224 qui
533 1155 625 1208 eodem
633 1153 692 1208 inre
704 1160 730 1207 et
743 1152 843 1208 eisdem
858 1154 966 1228 legibus

161 1235 280 1292 utentur,
295 1243 382 1282 unum
392 1227 535 1298 imperium
548 1243 688 1298 unumque
700 1228 884 1302 magistratum
901 1247 965 1284 cum

161 1303 228 1374 ipsis
238 1301 359 1368 habeant,
382 1301 511 1358 deterrere
523 1301 663 1374 potuerint,
684 1300 751 1376 quin
763 1319 826 1358 eum
842 1302 887 1359 his
901 1320 967 1360 con-

161 1378 297 1432 sentirent.

216 1452 261 1508 IV.
282 1451 468 1519 Quumebhis
482 1458 627 1526 quaereret,
646 1469 715 1525 quae
727 1453 854 1518 civitates,
876 1470 966 1526 quan-

160 1536 256 1599 taeque
266 1528 294 1584 in
304 1528 385 1583 armis
395 1535 490 1595 essent,
507 1536 533 1584 et
541 1528 607 1601 quid
616 1528 645 1582 in
654 1527 723 1582 bello
730 1534 846 1598 possent,
869 1529 909 1583 sic
922 1547 965 1584 re-

160 1603 290 1674 periebat:
318 1602 459 1676 plerosqua
475 1602 569 1678 Belgas
587 1619 644 1657 esse
662 1608 732 1657 ortos
750 1601 784 1654 ab
805 1601 963 1673 Germanis3

161 1677 339 1749 Rhenumque
352 1678 498 1749 antiquitus
512 1677 690 1739 transductus,
706 1683 812 1747 propter
826 1675 876 1730 loci
889 1677 964 1732 lerti-

161 1750 260 1806 litetem
273 1751 310 1805 ibi
320 1751 469 1806 consedisse
478 1750 631 1825 Gallosque,
647 1756 694 1823 qui
704 1767 733 1804 ea
743 1749 797 1804 loca
808 1749 963 1817 incolerent,

56 1873 58 1880 ,
161 1825 308 1895 expulisse;
330 1823 530 1896 solosquaesse,
569 1827 607 1890 ui,
622 1834 728 1898 petrum
741 1831 893 1880 nostrorum
906 1843 966 1881 me-
1025 1841 1026 1852 ¹

107 1908 109 1912 ·
161 1898 254 1962 morie,
265 1899 339 1952 omni
348 1898 433 1954 Gallie
442 1906 544 1965 vexata,
580 1907 689 1955 eutonos
703 1899 879 1970 Cimbrosque
893 1900 965 1956 intra

160 1971 227 2026 fines
237 1987 300 2026 suos
310 1970 413 2044 ingredi
427 1973 617 2044 prohibuerint.
637 1973 695 2040 Qua
704 1991 737 2028 ex
747 1990 774 2028 rc
783 1973 849 2037 fieri,
866 1975 906 2028 uti
919 1993 966 2029 ee—

160 2062 223 2100 rum
240 2061 329 2099 rerum
348 2047 474 2102 memorie
493 2065 536 2102 ma
576 2066 620 2102 em
638 2049 689 2102 sibi
708 2047 887 2103 auctoritatem
904 2065 967 2104 ma·
1025 2079 1026 2090 ,

160 2135 283 2192 gnosque
293 2117 402 2190 spiritus
415 2121 442 2176 in
456 2138 485 2177 re
499 2123 538 2176 mi
549 2123 607 2178 itari
627 2129 770 2177 sumerent.
794 2123 831 2176 De
850 2139 966 2179 numero

161 2192 493 2250 eorumomniasehabere
506 2196 647 2268 explorata,
663 2197 738 2250 Remi
754 2195 883 2262 dicebant,
899 2215 966 2269 pro-

159 2266 962 2343 ptereaquodpropinquitatibusadfinitatibusqueconiuncti,
1025 2343 1026 2346 Ἴ

161 2349 289 2415 quantam
337 2343 413 2416 isque
422 2344 621 2400 multitudinem
635 2344 664 2399 in
675 2345 810 2400 communi
819 2344 965 2419 Belgarum

160 2417 299 2474 eoncilioa
330 2418 358 2475 id
373 2417 474 2474 bellum
487 2420 619 2492 pollicitus
633 2420 677 2483 sit,
697 2420 876 2492 cognoverint.
897 2420 966 2476 Plu-

160 2491 261 2546 rimum
271 2493 339 2550 inter
348 2493 548 2551 cosbellovaoos
558 2501 583 2548 et
595 2493 700 2557 virtute,
718 2502 742 2546 et
756 2495 916 2561 auctoritate,
937 2503 966 2550 et

159 2565 301 2622 hominum
318 2585 428 2624 numero
441 2567 541 2633 velere:
561 2567 610 2622 hos
625 2583 702 2640 posse
719 2567 964 2624 conficere-armata

160 2639 245 2696 millio
253 2647 373 2699 centum:
394 2643 523 2718 pollicitos
534 2659 569 2699 ex
581 2657 612 2698 eo
625 2657 736 2697 numero
750 2639 829 2696 electe
841 2640 901 2708 LX,
922 2651 965 2698 to-
