2072 2998
300 127 371 172 LIB.
387 128 406 171 1.
437 128 515 174 CAP.
530 127 569 174 35.
582 129 622 176 36.
807 125 859 184 257

113 227 231 282 XXXV.
251 225 860 304 EvooabatadseCaesarMassilieusiumquin-

56 304 144 358 decim
155 302 271 374 primos:
291 301 405 355 cumbis
415 302 477 378 agit,
493 321 526 358 ne
535 302 640 358 initium
655 303 782 360 inserendi
796 306 859 362 belli

57 379 91 433 ab
101 373 316 434 Massiliensibus
325 375 437 432 oriatru:
459 381 597 432 debueras
610 379 705 434 Italiae
719 385 797 434 totius
810 399 860 435 aar·

59 455 207 507 cleritatem
219 455 293 520 sequi
302 454 399 518 potius,
415 468 493 522 quom
510 458 588 508 unlus
605 455 714 508 nominis
732 457 861 510 voluntate·

58 529 249 594 obtemperare:
263 522 425 598 reliquaque,
433 541 501 600 quac
508 525 541 582 ad
547 543 638 582 eorum
645 527 775 582 sanandas
784 545 859 583 men·

57 609 95 656 us
107 598 242 672 pertinere
256 598 438 665 arbitrabatur,
455 608 647 657 commemorat.
661 602 750 657 ¹Cuius
765 602 859 658 oratio-

58 693 120 730 nem
133 673 215 746 legati
225 672 335 728 domum
344 672 473 744 scierunt3
494 683 573 748 atque
586 693 620 732 ex
633 677 782 732 auctoritate
795 677 860 732 haec

58 749 165 806 Caesari
176 748 344 802 renunciant:
366 752 511 819 intelleqere
524 769 559 815 se,
579 755 689 806 divisum
708 769 761 807 esse
774 769 859 822 popu·

59 829 111 879 lum
120 825 268 879 Montanum
277 828 401 892 inparue
412 825 492 894 duos;
511 843 591 896 neque
604 832 647 881 sui
660 831 759 890 iudicii,
779 844 860 896 neque

58 915 169 954 suarum
179 914 233 952 esse
241 901 345 961 murem,
356 901 498 965 decernere,
513 909 576 956 utro
586 918 653 969 pars
667 906 798 956 iustiorem
811 905 860 958 no-

59 978 115 1029 beat
126 987 264 1028 caussam:
287 977 417 1042 principes
431 969 492 1028 uero
507 991 559 1028 csse
573 992 662 1030 corum
676 981 794 1046 portium
811 975 857 1030 Cn.

59 1050 208 1117 Pompeium
222 1054 246 1100 et
262 1043 289 1100 0.
306 1045 449 1112 Gaesarem,
465 1058 591 1118 patronos
605 1055 731 1118 ciuitatis
751 1067 859 1120 qaorum

57 1127 125 1179 altor
139 1138 222 1192 caros
237 1120 375 1176 Volcarum
386 1122 593 1178 Arecomicorum
605 1133 630 1193 et
642 1125 792 1180 Helviorum
807 1141 860 1194 pu-

57 1201 122 1253 blr’ce
132 1202 168 1251 iis
179 1199 347 1250 concesserit:
366 1197 434 1252 alter
443 1199 507 1252 bello
519 1198 606 1252 uictos
614 1198 716 1254 Gallius
729 1202 861 1254 adtribue·

57 1277 93 1327 rit
113 1271 305 1340 oectc'acle‘oque
323 1275 440 1327 auserit.
467 1272 554 1340 Quare
565 1275 675 1340 poribus
686 1290 774 1328 eorum
786 1275 860 1328 bena-

56 1351 125 1416 ficie's
131 1361 228 1415 parem
237 1361 264 1399 sc
274 1361 373 1414 quoque
383 1349 539 1401 uoluntatem
549 1349 757 1402 tribueredebere
765 1356 789 1401 et
797 1365 860 1402 neu-

58 1431 128 1476 trum
138 1435 229 1475 eorum
237 1423 447 1474 contraultarum
456 1425 555 1486 tueare,
565 1425 681 1476 auturbe
690 1430 736 1476 out
742 1424 860 1488 portiom

57 1500 186 1564 recipere.

113 1567 332 1623 xxxvuuaa
341 1567 406 1624 dum
416 1568 484 1622 inter
493 1583 537 1623 eos
546 1575 670 1641 agimtur,
676 1567 804 1624 Domitiru
814 1585 861 1622 na-

57 1645 141 1698 vibus
151 1641 297 1696 Massiliam
310 1642 431 1714 pervenit
446 1649 533 1714 atque,
555 1643 589 1697 ab
603 1643 636 1697 iis
651 1648 778 1713 receptus,
799 1641 860 1696 urbi

58 1716 219 1789 praeficitur.
240 1714 350 1772 Summa
362 1719 385 1772 ei
398 1715 460 1772 belli
475 1716 676 1772 administrandi
690 1715 858 1790 permittitur.

59 1792 130 1847 Eius
140 1790 249 1862 imperio
262 1789 373 1846 classem
386 1807 586 1865 quoquoversus
599 1791 750 1846 dimittunt:
769 1807 861 1844 onera·
949 1813 957 1829 ε

61 1867 117 1922 rias
129 1881 220 1931 naves,
238 1865 544 1940 quasubiquepossunt‚
565 1857 764 1938 deprehendunt
782 1872 862 1937 atque

61 1943 89 1997 in
100 1945 208 2014 portum
219 1939 366 1998 deducunt:
386 1958 482 2014 parum
497 1939 578 1996 clavis
596 1948 642 1996 aut
660 1940 767 1997 materia
783 1925 869 2012 atquel

61 2016 234 2072 armamentis
252 2016 387 2071 instructis
402 2015 436 2071 ad
454 2015 570 2090 reliquas
585 2015 725 2072 armandas
743 2014 862 2070 reficien-

61 2093 164 2165 dasque
177 2097 303 2146 utuntur:
324 2089 450 2146 frumenti
465 2091 538 2165 quod
551 2091 689 2146 inventum
699 2099 747 2157 est,
767 2091 796 2146 in
810 2106 862 2163 pu-

61 2166 163 2222 blicum
180 2163 332 2221 conterunt:
352 2164 468 2238 reliquas
486 2182 586 2222 meroes
599 2173 814 2239 commeatusque
828 2165 862 2220 ad

62 2241 229 2296 obsidionem
237 2239 322 2306 urbis,
335 2239 359 2294 si
369 2239 475 2306 accidat,
487 2248 627 2304 reservant.
647 2240 751 2308 Quibus
756 2239 862 2295 iniuriis

62 2321 198 2388 permotus
209 2313 312 2380 Caesar,
323 2314 438 2388 legiones
449 2322 501 2370 tres
510 2315 653 2372 Massiliam
667 2315 785 2382 adducit;
806 2321 863 2366 tur·

63 2408 104 2445 res
123 2390 272 2460 vineasque
290 2386 324 2444 ad
341 2390 563 2462 oppugnationem
580 2390 656 2454 urbis
673 2405 757 2462 agere,
782 2401 863 2442 naves
920 2409 922 2416 ,

64 2466 157 2540 longas
167 2461 272 2519 Arelate
286 2480 396 2518 numero
409 2464 547 2519 duodecim
560 2463 643 2519 lacere
656 2462 777 2516 instituit.
798 2459 864 2526 Qui-

65 2541 115 2594 bus
125 2537 224 2594 effectis
235 2537 395 2610 armatisque
403 2537 497 2592 diebus
507 2539 622 2611 triginta,
639 2554 653 2591 a
664 2536 769 2608 quadie
782 2543 866 2590 male·

66 2615 102 2670 ria
121 2629 198 2668 caesa
217 2619 265 2678 est,
289 2611 462 2692 adductisque
474 2611 628 2678 Massiliam,
650 2610 738 2666 hieu,
752 2611 864 2666 Brutum

102 2707 156 2762 lun.
172 2703 249 2759 Cius.
677 2702 699 2757 R
