2072 2998
158 119 209 173 2⁴6
364 121 417 168 DE
434 117 561 167 BELLO
582 115 751 164 GALLtco

160 223 281 280 claudere
296 221 444 286 voluerant,
463 220 498 274 iis
517 219 570 291 ipsi
589 218 758 274 tenebantur:
788 217 854 272 victi
876 227 973 278 tamen

160 298 340 374 perculsique,
362 296 552 366 maioreparte
573 294 684 357 emissa,
708 309 763 364 quc
781 291 837 348 fors
855 295 971 363 tulerat,

161 372 318 430 consternati
336 369 505 445 profugiunt,
529 369 626 440 partim
643 366 720 422 silvis
740 367 845 438 petitis,
865 373 973 441 partim

160 448 284 513 flumine;
305 447 353 519 qui
363 452 451 500 umen
463 443 490 498 in
501 442 588 516 iugea
603 441 701 497 nestris
711 441 805 497 acriter
818 444 972 518 insequan-

161 524 234 579 tibus
246 521 436 578 coniiciuntur:
457 533 543 590 quum
557 517 663 572 interim
680 514 754 572 nulle
763 515 919 575 calamitate
928 523 971 576 vi-

161 607 220 652 ctus
239 597 352 653 Correus
372 593 497 650 excedere
514 591 614 664 proelio
630 590 767 662 silvasque
785 600 887 664 petere,
911 606 967 661 aut,
1019 625 1020 632 ι

161 671 338 728 invitantibus
347 669 444 725 nostris
453 667 488 724 ad
497 666 966 742 deditionem,pctuitedduci,quin,

161 745 304 802 fortissime
313 740 672 815 proeliandcccmpluresque
677 739 853 810 vulnerando,
860 754 969 818 cogeret

162 820 242 876 elatos
252 817 388 873 iracundia
397 818 507 873 victrres
517 817 545 871 in
555 832 584 870 sa
593 813 644 870 tela
654 815 792 871 coniicere.

216 893 279 948 XX.
300 891 358 948 Tali
368 891 571 964 modoregesta,
579 889 728 946 recentibus
737 889 832 962 proelii
841 895 967 968 vestigiis

161 969 299 1040 ingressus
308 965 412 1031 Caesar,
431 982 517 1037 quum
531 965 614 1022 victus
629 972 698 1020 unta
712 963 863 1022 calamitate
871 967 968 1024 existi·

161 1049 245 1098 maret
253 1041 351 1106 hostes,
362 1040 460 1096 nuncio
469 1047 582 1112 accepte,
597 1038 686 1095 locum
696 1047 844 1096 castrorum
856 1042 967 1099 relictu-

160 1133 214 1181 ros,
236 1132 305 1188 quae
318 1132 371 1171 non
385 1113 492 1188 longius
507 1115 541 1170 ab
554 1117 584 1169 ea
598 1113 677 1170 crede
689 1113 780 1170 abesse
793 1114 858 1187 plus
872 1119 966 1174 minus

161 1198 218 1246 octe
234 1189 355 1246 millibus
369 1189 532 1255 dicebantur,
553 1189 658 1244 tanretn
677 1187 788 1245 flumine
802 1192 964 1263 impeditum

161 1265 303 1320 transitum
313 1264 428 1329 videbat,
451 1272 539 1319 tamen
557 1263 673 1319 exercitu
687 1264 840 1322 transducta
854 1285 965 1343 progre-

161 1340 242 1395 ditur.
265 1339 300 1395 Αἱ
319 1338 449 1396 Bellovaci
466 1338 638 1410 reliquaeque
656 1339 783 1406 civitates,
804 1351 914 1412 repente
932 1361 963 1400 ex

161 1413 225 1488 iuga
235 1414 335 1487 paucis,
342 1421 421 1487 atque
433 1413 476 1469 his
487 1411 641 1479 vulneratis,
647 1414 766 1486 roeeptis,
773 1415 821 1486 qui
831 1416 962 1473 silvarum

161 1489 288 1546 beneficio
297 1507 389 1546 casum
399 1489 568 1553 evitaverunt,
581 1488 708 1543 omnibus
717 1488 845 1555 adversis,
858 1495 962 1566 cognita
1019 1521 1020 1526 κ

162 1565 317 1632 calamitate,
334 1563 465 1621 interfecte
475 1563 578 1628 Correu
600 1562 700 1618 amisso
709 1563 827 1634 equitatu
839 1573 866 1620 et
876 1565 962 1622 sortis-

163 1641 239 1696 simis
252 1640 396 1712 peditibus,
417 1655 504 1712 quum
522 1637 664 1694 adventare
677 1637 808 1693 Romanos
824 1641 962 1698 existima-

162 1722 229 1780 rant,
241 1715 352 1770 concilio
360 1721 465 1786 repente
473 1719 552 1769 cantu
562 1713 688 1768 tubarum
701 1719 851 1780 convocatu,
859 1717 961 1774 concia-

162 1796 245 1854 mant‚
262 1793 341 1860 leyati
350 1793 497 1858 obsidesque
506 1793 542 1843 cd
553 1787 690 1843 Gaesarem
699 1788 848 1844 mittantur.

216 1864 291 1920 xxt,
308 1859 962 1935 Hoccmnibusprobatoconsilic,Commiusdtre-

161 1935 210 1990 bas
220 1935 254 1990 ad
267 1953 311 1991 eos
324 1937 441 2010 profugit
452 1937 606 2002 Germanos,
627 1935 756 2009 aquibus
770 1937 804 1992 ad
819 1937 847 1993 id
861 1940 960 1996 bellum

162 2007 263 2062 auxilia
281 2018 419 2066 mutuatus
437 2019 501 2066 erat.
535 2011 620 2068 Ceteri
639 2007 782 2084 evestigio
801 2013 911 2069 mittunt
929 2015 960 2070 ad

162 2081 417 2156 Caesaremlcgatcs,
439 2093 595 2158 petuntque,
615 2091 961 2154 uteapcencattccnrentae

162 2161 280 2236 boetium,
287 2173 365 2226 quem
374 2163 399 2212 si
407 2163 463 2213 eice
472 2164 638 2217 dimicatione
645 2165 743 2230 inferre
751 2164 861 2230 ietteyrt’e
867 2173 959 2232 posset,
1019 2203 1020 2208 κ

158 2250 210 2302 pro
219 2223 269 2287 etia
284 2235 418 2287 clementia
431 2241 509 2303 etque
522 2237 683 2290 humanitate
695 2251 836 2304 numquam
847 2245 960 2308 profecto
1019 2265 1020 2272 ¹

110 2323 116 2336 ¹
163 2316 227 2363 creet
237 2309 376 2362 ittet-turae:
395 2311 516 2375 adflictus
530 2326 590 2377 opes
603 2313 717 2379 equestri
727 2313 828 2379 proelio
842 2311 959 2368 Bellove-

163 2399 253 2436 corum
262 2399 330 2451 ceta·
348 2384 503 2437 delectorum
508 2387 625 2452 peditum
636 2387 721 2438 muita
731 2387 818 2439 millia
829 2389 958 2456 icterieec;

162 2463 210 2511 vic
228 2459 354 2527 resuqieae
371 2461 480 2512 nuncios
499 2460 600 2511 caedis:
630 2465 716 2513 tamen
733 2476 864 2529 nuquam,
883 2469 912 2515 ut
933 2466 959 2516 in

163 2539 237 2584 tantu
251 2534 409 2596 calamitate,
423 2532 573 2586 Bellovacos
587 2547 615 2584 co
625 2537 728 2600 praetio
741 2539 898 2588 commodum
910 2553 960 2591 rere

163 2613 319 2672 consecutos,
329 2610 398 2676 quod
410 2603 528 2672 θοησιιε,
539 2613 632 2661 uector
641 2609 709 2672 cette,
721 2613 866 2664 cunctator
874 2614 959 2667 multi·
