2042 3004
218 148 430 197 AFRICANO.
460 147 538 195 CAP.
550 149 593 196 2'l.
604 149 645 198 28.
776 145 825 199 449

36 257 88 310 olet
96 253 297 308 ammoneatis
304 255 371 316 forat
380 239 538 312 mooted,
549 259 656 318 praeter
665 254 748 320 iprum
754 253 829 322 Afri·

36 345 92 384 oum
102 335 197 384 imam
205 327 279 389 ollii,
300 341 333 378 ne
345 332 438 378 taetram
452 328 561 394 puidam
581 329 826 394 qoouroetpereot,

34 403 180 458 utiliorum
188 401 717 470 mteretrretdiieqaerelipuomsotorum.
741 399 828 472 Atque

34 477 91 548 ipse
109 475 136 530 in
154 480 225 530 unta
237 479 292 528 erat
303 471 467 528 festinatione
479 480 505 530 et
517 473 715 545 exspectatione,
737 481 767 529 nt
780 491 828 546 po·
911 535 920 556 .

33 560 102 606 storo
113 549 164 614 die,
186 564 268 620 quarn
279 546 396 602 misisset
409 545 506 603 litteras
524 547 706 620 nunciumque
720 547 747 604 in
762 548 829 604 sici-

33 626 108 689 liam,
118 623 227 678 classem
236 622 433 694 munitumque
442 622 537 678 morari
547 621 650 688 dinem,
661 622 718 677 dies
727 629 829 678 noetes-

34 697 186 772 queoculos
195 705 361 770 ramumque
373 696 408 752 ad
421 713 493 754 mare
506 697 647 770 dispositos
665 697 745 752 direct
794 715 828 753 ue

34 772 148 829 haberet
182 772 236 826 Nee
255 772 368 828 mirum:
394 771 619 828 animadvertebat
636 773 722 836 enim,
747 771 787 828 vil
798 789 828 827 aa

34 846 122 908 exuri,
132 863 209 920 agros
218 846 324 912 vastari,
338 863 418 920 peous
427 847 515 919 diripi,
531 846 664 912 trucidari,
680 846 776 919 oppida
785 863 830 902 ea-

33 920 161 994 stellaqua
169 921 240 976 dirui
249 920 395 994 deserique.
406 921 539 994 principes
548 922 683 978 civitatum
693 929 739 978 aut
748 921 829 978 inter-

34 997 138 1062 ficiant
146 995 174 1052 in
183 997 281 1053 caenis
289 996 381 1058 teneri.
389 995 483 1052 liberos
488 1013 581 1052 eorum
589 997 712 1053 obsidum
722 997 830 1052 nomina

33 1073 64 1128 in
73 1071 224 1126 servitutem
235 1069 334 1142 altripi3
355 1070 427 1124 iisse
437 1071 464 1126 in
474 1069 587 1125 miseriis
600 1087 730 1143 suamque
748 1071 829 1128 fidem

33 1145 237 1218 implorantibus
246 1144 346 1200 auxilio
355 1151 459 1216 propter
465 1145 600 1216 eopiarum
609 1144 765 1216 paucitatem
772 1162 830 1202 ease

32 1236 183 1290 nonposae.
202 1217 298 1276 Milites
307 1219 411 1273 interim
422 1219 448 1274 in
458 1235 535 1290 opere
544 1227 830 1285 exereemeestramu-

32 1295 104 1359 nire.
113 1301 207 1360 tannes,
217 1293 322 1350 oestelle
331 1291 414 1348 faeere
422 1293 558 1366 molesque
567 1294 649 1348 iaoare
657 1294 686 1350 in
696 1311 830 1350 memnon

32 1368 213 1426 intermittere.

90 1443 200 1500 XXVII.
220 1441 307 1514 Scipio
316 1441 421 1497 interim
431 1438 582 1512 elephantos
590 1439 640 1496 hoo
647 1439 727 1496 modo
734 1439 831 1496 oondo·

32 1515 281 1586 oeiaoereinstituit.
300 1515 506 1572 Duasinstruxit
517 1515 599 1570 aoies:
619 1531 701 1572 unam
715 1513 832 1570 fundito—
858 1531 860 1538 ’

31 1610 98 1650 rum
106 1587 831 1662 oenuselephantos,quaequasiadversariorumloeum
928 1659 933 1668 ,

17 1679 18 1684 ’
31 1667 164 1724 obtineret
172 1673 198 1720 et
206 1672 294 1720 motta
304 1681 395 1720 eorum
403 1663 515 1719 nentem
521 1663 658 1720 adversam
668 1661 772 1737 lapillos
781 1665 833 1719 mi-

32 1748 116 1800 nutos
125 1739 246 1794 mitteret:
259 1738 354 1794 deinde
362 1739 391 1793 in
399 1738 519 1794 ordinem
527 1737 678 1810 elephantos
687 1738 830 1794 constituit:

17 1823 18 1856 l
29 1822 96 1891 post
106 1813 166 1868 illos
176 1821 263 1868 autem
273 1829 349 1868 snam
359 1813 441 1868 aciem
451 1812 584 1879 instruxit,
595 1820 634 1879 ut,
646 1831 732 1886 quum
742 1813 776 1869 ab
785 1813 833 1870 ad·

17 1901 18 1904 ’
30 1887 161 1948 versariis
171 1885 271 1960 lapides
281 1887 351 1942 mitti
364 1887 510 1960 coepissem
521 1895 548 1943 et
559 1887 690 1961 elephanti
704 1889 831 1962 perterriti

30 1985 63 2022 se
79 1963 114 2022 ad
127 1979 193 2019 suos
210 1961 407 2030 moventissent,
429 1976 523 2018 rursus
537 1980 552 2018 a
565 1979 615 2019 sua
626 1963 682 2020 aeia
699 1963 832 2037 lapidibus
942 2015 944 2020 .

17 2039 137 2106 missis,
147 2055 194 2094 eos
205 2045 384 2096 eonverterent
396 2036 523 2125 adversus
532 2037 646 2107 hostem3
667 2038 739 2113 quod
757 2057 833 2114 aegre

31 2115 93 2170 tard
116 2113 262 2199 ¹ueiiebat:
282 2115 441 2170 rndesenun
448 2111 833 2202 elephantimultorumanm:

31 2187 633 2336 lnuallripenellltllrrsltlilreulltrldlletrvlrlulm’
654 2196 742 2246 mmm
761 2205 834 2245 mm.

93 2334 217 2392 XXVlll.
236 2337 305 2392 Dum
314 2338 378 2394 haee
387 2338 421 2394 nd
430 2339 577 2410 Ruspinam
586 2338 620 2394 ab
631 2337 751 2409 utrisque
759 2335 835 2391 duei-

30 2416 89 2471 bus
99 2407 327 2478 administrantur,
348 2413 378 2469 C.
389 2413 525 2487 Virgilius,
541 2411 696 2484 praetorius,
707 2411 755 2483 qui
765 2410 835 2465 Tha·

31 2488 88 2562 psi,
104 2483 204 2558 oppido
214 2484 353 2552 maritimo,
364 2495 489 2558 panorm,
501 2503 587 2560 quum
596 2483 832 2551 animadvertisset,

32 2579 121 2619 naves
130 2557 252 2634 singulas
260 2575 322 2616 oum
331 2563 444 2618 exemitu
454 2561 581 2626 Caesaris,
597 2560 707 2616 inuentae
719 2559 835 2616 loeomm

32 2645 119 2708 etque
132 2642 278 2692 castrorum
292 2651 411 2705 suorum,
431 2637 531 2712 vagari,
552 2634 713 2692 oecasionem
732 2645 834 2702 nauus,

76 2729 131 2783 lor.
146 2727 222 2784 Cana.
370 2753 373 2758 ·
635 2727 675 2784 Fi
