2078 2996
174 139 224 192 ³³6
401 142 452 188 DE
475 145 600 191 BELLO
624 145 744 192 clvlui

174 259 322 384 iiiiii
332 241 604 375 inimiici
615 243 987 396 iiiimxiiii

173 391 283 450 tetendit
294 391 329 448 sd
340 393 486 448 Domitium
499 401 533 460 et,
553 411 640 468 quum
655 395 689 452 ch
702 412 733 451 eo
745 393 831 451 millia
845 414 986 468 passuum

175 468 270 543 viginti
285 466 421 534 abfuisset,
442 468 532 524 subito
547 487 576 524 se
590 469 624 524 ed
636 470 759 527 Cossium
776 471 940 545 Longinum
957 476 985 530 in

175 541 339 606 Thessaliam
347 544 484 601 convertit.
504 545 558 615 Hoc
566 544 630 602 adeo
638 544 755 600 celeriter
763 543 833 607 iecit.
848 553 881 602 ut
895 549 983 604 simul

174 617 267 674 edesse
279 625 305 673 et
317 618 408 673 venire
425 617 605 675 nunciaretur.
629 620 671 686 Et.
692 637 747 691 quo
760 620 809 676 iter
825 623 983 694 expeditius
1019 619 1020 712 i

174 693 277 759 iaceret,
298 693 336 748 Μ.
351 693 500 750 Favonium
516 693 551 748 ed
564 692 663 750 flumen
676 694 884 763 Haliacmonem,
906 698 983 770 quod

174 767 382 825 Macedonismu
398 767 534 824 Thessalis
548 767 653 835 dividit,
675 785 737 824 cum
751 769 908 828 cohortibus
922 782 982 830 octo

66 885 68 889 .
173 840 305 916 praesidio
313 841 509 912 impedimentis
518 842 653 918 legionum
660 842 776 916 reliquit,
783 844 981 920 castellumque
1019 895 1020 900 ,

173 918 212 973 ibi
221 915 322 970 muniri
332 915 420 972 iussit.
439 917 540 974 Eodem
549 925 665 990 tempure
673 919 807 991 equitatus
816 921 995 997 regisCotys·

174 991 208 1047 ed
216 998 300 1046 cestre
311 989 396 1046 Cassii
404 991 548 1060 advolavit,
561 993 611 1067 qui
625 994 725 1048 circum
739 993 906 1052 Thessaliam
920 1015 980 1054 eme

173 1072 351 1121 consueverat
376 1067 445 1122 Tum
459 1068 554 1124 timore
565 1069 718 1140 perterritus
732 1068 851 1136 Cassius,
870 1073 980 1146 cognito

173 1139 304 1212 Scipionis
320 1140 444 1208 adventu,
463 1143 584 1215 visisque
596 1143 742 1216 equitibus,
761 1160 830 1216 quos
844 1144 979 1218 Scipionis

172 1231 231 1270 csse
240 1214 424 1283 arbitrabatur,
444 1217 478 1273 ed
489 1225 591 1273 montes
604 1237 634 1274 se
647 1219 782 1284 convertit,
803 1219 853 1292 qui
862 1220 979 1276 Thasu-

174 1289 238 1346 iiam
247 1290 369 1365 cingunt,
380 1299 502 1366 etqueex
511 1293 554 1348 his
565 1292 629 1349 iocis
638 1292 814 1350 Ambraciam·
823 1311 920 1350 versus
928 1297 979 1352 iter

173 1365 256 1422 fucere
264 1366 358 1438 coepit.
378 1367 412 1423 m
421 1367 767 1442 Scipionem‚propereutem
776 1369 864 1440 sequi,
876 1369 979 1428 litterae

173 1448 237 1496 sunt
245 1443 467 1500 consecutueail.
478 1443 604 1509 Favonio,
615 1445 757 1500 Bonitium
766 1447 979 1514 cumicflionidur
1019 1483 1020 1502 r

172 1522 269 1582 adsue
292 1521 583 1588 mquceoproeridiom,
603 1522 649 1574 obi
661 1523 817 1576 comittotoe
826 1528 903 1584 oet,
920 1525 978 1578 sinc

172 1596 278 1648 cuoiiio
287 1593 417 1662 Scipionis
426 1603 511 1648 term
519 1611 605 1663 poros.
623 1592 730 1660 Quibus
743 1591 836 1650 littoris
851 1595 975 1667 acceptis,

173 1666 314 1722 consilium
324 1666 410 1739 Scipio
419 1668 521 1740 iterque
529 1675 685 1736 commutet;
707 1667 830 1725 Cossium
838 1670 975 1742 sequide·

173 1743 252 1808 sistit,
263 1743 380 1797 Favonio
393 1743 527 1798 auxilium
540 1743 608 1798 ierne
620 1743 763 1800 contendit.
783 1743 876 1815 Itaque
888 1743 934 1800 die
945 1762 978 1800 ao

174 1826 248 1874 nocte
256 1816 408 1873 continuato
416 1817 509 1874 itinere
518 1817 759 1892 odeumpervmit,
766 1824 821 1874 tem
827 1825 976 1891 opportuno

172 1899 299 1963 tempore,
319 1899 350 1947 ut
362 1892 445 1948 simul
459 1894 600 1950 Domitiani
613 1893 743 1950 exercitus
755 1892 845 1966 pulvis
855 1910 977 1950 m

173 1974 251 2020 toret
260 1966 340 2038 primi
350 1975 530 2024 antecursores
539 1969 671 2041 Scipionis
682 1967 843 2024 viderentur.
863 1968 976 2026 itacis-

173 2041 214 2094 sio
223 2039 354 2168 ἰηιέυεῖτίει
366 2043 483 2110 Domitii,
499 2044 617 2102 Favonio
628 2043 758 2116 Scipionis
771 2041 890 2100 coloritus
901 2043 976 2102 selu-
1020 2063 1021 2142 p

172 2123 226 2170 tem
238 2130 253 2168 a
273 2114 341 2169 tuit

229 2188 366 2245 XXXVII.
386 2189 482 2262 Scipio,
503 2191 619 2248 biduum
633 2192 727 2249 cestris
738 2191 843 2248 stativis
855 2201 974 2250 morsos

173 2264 208 2321 od
218 2259 327 2328 flumen,
338 2264 411 2336 quod
421 2266 560 2322 intersum
569 2275 594 2323 et
602 2267 709 2323 liomitir
717 2274 803 2322 cestre
810 2265 975 2333 tremine

175 2340 330 2396 iincmouem
341 2340 415 2396 tertio
425 2341 468 2396 die
475 2341 562 2413 prime
574 2342 633 2398 lucc
647 2342 792 2398 exercitum
807 2341 875 2397 vcdo
888 2351 974 2399 truns-

173 2416 247 2470 duoit
262 2420 296 2481 et,
317 2415 409 2471 cestris
430 2416 532 2488 positis,
552 2425 656 2488 postero
668 2416 711 2472 die
724 2433 803 2472 mene
812 2416 902 2488 copies
915 2425 974 2473 ante

174 2488 286 2545 irontem
295 2498 442 2548 castrorum
455 2491 544 2545 struit.
568 2491 699 2547 Domitius
717 2498 776 2548 tum
794 2507 903 2562 quoque
920 2492 972 2548 sibi

173 2563 352 2620 dubitandum
366 2583 417 2622 non
432 2565 544 2639 putavit,
565 2565 641 2638 quin,
662 2564 797 2640 productis
811 2563 969 2636 legionibus.

173 2636 272 2707 proelio
290 2639 439 2699 decertaret.
463 2639 526 2708 Sed‚'
544 2657 631 2714 quum
645 2646 713 2694 esset
724 2640 792 2694 inter
806 2637 871 2692 bine
889 2647 970 2710 ersus
