2072 2998
278 137 444 186 ,Luem
474 137 664 186 οΑΡ.89.90.
727 145 730 149 “
784 151 785 154 ’
836 137 880 188 ἓθΙ

88 238 125 296 ad
136 237 271 294 Caesarem
281 235 442 292 referuntur:
463 237 540 307 pauci
549 253 583 292 ax
597 245 669 293 tanto
681 247 791 294 numero
805 256 833 294 se
846 242 887 295 in-

88 313 206 369 columes
216 312 245 366 in
256 317 341 366 castra
355 311 492 383 recipiunt.
514 311 662 384 Conspicati
675 328 708 366 ex
720 312 817 383 oppido
830 330 887 369 cae-

88 388 184 444 demet
193 384 285 460 lugam
298 393 418 451 suorum,
437 385 572 456 desperata
585 385 678 449 saluta,
698 386 814 456 copiane
827 403 887 442 mu·
990 421 993 428 ·

86 461 237 518 niticnibus
256 458 393 514 reducant.
421 458 463 514 Fit
479 460 609 531 protinus,
631 460 680 516 bac
697 477 724 514 re
737 458 834 525 audita,
855 479 887 518 ex

85 536 182 592 castris
195 532 333 589 Gallorum
346 532 419 606 iuga.
440 531 516 600 Quod
529 533 580 590 nisi
598 534 696 590 crebris
713 533 840 588 subsidiis
853 552 888 590 ac
964 549 967 560 ·

84 611 171 666 totius
180 608 231 663 diei
243 607 332 663 labore
344 607 441 662 milites
453 615 539 662 esseut
548 606 651 674 defessi,
669 625 761 664 omnes
771 607 888 664 bostium

85 683 179 756 copiae
188 681 268 737 deleri
280 681 434 755 potuissent.
454 683 491 736 De
505 681 590 736 media
610 690 683 738 nocte
695 683 794 738 missus
813 685 889 756 equi-

86 766 160 814 tatus
170 755 348 811 novissimum
358 773 451 830 agmen
461 757 644 828 consequitur:
665 773 779 832 magnus
794 775 888 812 nume·

85 831 250 902 nassapitur
259 835 339 905 atque
347 829 509 896 interficitur,
524 831 662 904 reliquiar
676 830 739 906 luga
755 831 783 888 in
796 831 889 887 eivita-

87 915 128 962 tes
137 903 287 960 discedam.

145 977 296 1034 LXXXIX.
316 979 420 1034 Postero
433 977 687 1054 diaVercingetorir,
708 979 890 1036 conciliodon-

85 1059 191 1119 vocato,
213 1051 240 1107 id
256 1068 285 1107 sa
298 1051 398 1108 bellum
410 1053 556 1126 suscepisse
569 1071 621 1110 non
631 1071 738 1109 suarum
750 1056 890 1110 necessita-

87 1137 160 1189 tum,
180 1125 227 1182 sed
239 1126 389 1182 communis
407 1125 533 1183 libertatis
546 1143 649 1194 caussa,
670 1129 843 1199 demonstrat;
864 1137 889 1184 ct

49 1233 51 1236 -
129 1199 220 1258 oniam
230 1199 265 1255 sit
277 1199 396 1256 fortunae
410 1199 566 1268 cedendum,
588 1202 622 1258 ad
637 1209 778 1276 utramque
791 1219 847 1259 rem
861 1220 890 1258 se

87 1220 146 1332 fflais
156 1274 256 1340 offerre,
267 1291 314 1330 seu
323 1281 406 1330 rncrte
415 1291 463 1332 sua
478 1275 602 1332 Romanis
615 1275 770 1343 satisfacere,
786 1295 833 1334 seu
848 1277 889 1333 vi·

88 1368 158 1408 vum
169 1348 301 1404 transdere
310 1348 399 1404 velint.
418 1349 559 1406 Mittuntur
566 1349 599 1405 de
609 1350 651 1406 bis
660 1351 784 1406 rebusad
796 1351 890 1408 Caesa-

11 1489 13 1496 Α
88 1441 147 1480 rem
161 1423 248 1498 legati.
268 1423 343 1478 lubet
351 1440 423 1478 arma
432 1423 542 1490 transdi,
553 1424 685 1496 principes
693 1425 813 1497 produci.
831 1427 890 1498 lpse

89 1501 119 1555 in
131 1496 279 1553 munitione
286 1513 334 1570 pro
347 1498 439 1552 castris
452 1497 582 1553 consedit:
603 1514 633 1553 eo
646 1497 725 1553 ducas
738 1499 890 1570 producun-

12 1637 16 1646 .
88 1582 146 1630 tur.
167 1569 361 1646 Vercingetorix
373 1571 487 1635 deditur,
504 1589 578 1628 arma
590 1572 774 1644 proiiciuntur.
797 1573 891 1627 Reser-

89 1646 163 1705 vatis
172 1644 270 1701 Aeduis
280 1645 502 1720 atqueArvernis.
515 1646 539 1700 si
547 1663 595 1718 per
603 1663 648 1702 eos
656 1644 773 1702 einata
783 1663 891 1718 recupe-

90 1738 153 1777 rare
161 1727 266 1790 posset„
273 1737 306 1776 ex
318 1719 428 1793 reliquis
436 1720 548 1793 captivis
556 1719 732 1778 totcexercitn
742 1721 825 1794 capita
834 1721 891 1776 sin-

89 1794 159 1871 gula
168 1794 277 1866 praedae
287 1792 394 1850 nornine
404 1793 546 1850 distribuit

149 1867 207 1924 XC.
226 1868 273 1924 llis
289 1868 369 1924 rebus
381 1868 512 1934 confectis,
533 1869 561 1924 in
581 1867 687 1925 Aeduos
702 1868 888 1941 proficiscitur;

89 1944 224 2000 civitatem
233 1943 334 2014 recipit.
354 1942 410 1998 Eol
444 1943 478 1998 ati
489 1943 523 1998 ab
531 1942 657 2000 Aruernis
665 1944 750 2010 missi,
762 1961 830 2017 quac
839 1945 891 1999 im·

88 2025 203 2092 peraret,
218 2034 247 2072 se
261 2016 374 2071 lecturos
388 2033 423 2089 po
435 2017 553 2072 licentur.
572 2019 686 2091 Imperat
698 2036 826 2094 magnum
840 2036 892 2074 nu-

90 2108 197 2148 mamm
207 2091 342 2145 obsidum.
364 2091 489 2164 legiones
500 2092 527 2147 in
536 2091 647 2148 hiberna
661 2093 754 2150 mittit:
775 2095 893 2166 captivo-
1005 2121 1008 2129 ν

90 2184 152 2223 rum
163 2165 265 2220 circiter
275 2165 327 2219 XX
337 2163 422 2220 millia
434 2164 533 2220 Aeduis
548 2165 726 2242 Arvernisque
739 2168 837 2226 reddit:
858 2169 888 2223 Τ.

89 2240 240 2298 Labienum
250 2238 355 2293 duabus
365 2255 426 2294 curn
437 2237 585 2312 legionibus
593 2249 619 2296 ot
627 2243 745 2315 equitatu
754 2243 782 2298 in
791 2242 892 2314 Sequa-

90 2333 142 2370 nos
152 2312 283 2385 proficisci
297 2312 383 2386 iubet:
403 2311 467 2368 huic
476 2314 510 2369 cl.
520 2313 706 2388 Sempronium
716 2314 836 2371 Rutilum
845 2313 893 2369 ad-

88 2387 199 2446 tribuit:
221 2388 252 2442 C.
263 2387 376 2441 Fabium
386 2394 411 2442 et
420 2388 451 2442 L.
462 2388 609 2446 Minucium
618 2390 737 2446 Basilum
751 2403 812 2443 cum
826 2387 893 2444 dua·

89 2465 145 2520 bus
158 2459 310 2535 legionibus
322 2460 350 2515 in
360 2460 449 2516 llemis
462 2460 579 2530 collocat,
594 2481 628 2520 ne
638 2479 719 2536 quam
730 2461 763 2517 ab
774 2461 893 2517 finitimis
1004 2489 1008 2496 ·

88 2534 239 2595 Bellovacis
258 2534 430 2590 calamitatem
451 2536 587 2608 accipiant.
612 2539 644 2594 C.
658 2535 802 2592 Antistium
815 2537 894 2610 liegi-

90 2628 160 2668 num
172 2610 200 2664 in
211 2608 402 2675 Ambiuaretos,
415 2609 443 2665 Τ,
454 2609 573 2666 Sextium
585 2611 613 2667 in
623 2611 762 2685 bituriges,
774 2610 804 2667 C.
816 2610 895 2667 Cani-
