2072 2998
154 125 204 178 iit
358 129 408 174 DE
426 127 550 174 BELLO
571 123 739 173 GALLIGO

139 230 230 302 perit,
250 235 351 300 partem
364 228 500 299 copiarum
512 243 575 282 eum
588 227 716 298 Drappete
727 241 785 280 esse
798 225 825 279 in
834 228 953 282 castriso
1024 225 1025 268 i

155 303 276 359 millibus
285 319 337 358 non
349 301 465 374 ampIIus
474 301 534 356 XII.
555 300 614 367 Qua
627 318 656 354 re
668 317 703 354 ex
715 298 902 371 compluribus
912 319 955 356 co-

154 379 237 452 gnita,
248 395 334 450 quum
344 375 512 450 intellegeret,
525 374 689 448 iugatoduoe
699 373 787 438 altero,
802 377 954 445 perterritos

156 452 273 525 reliquos
291 451 366 508 iaciie
382 450 498 523 opprimi
510 465 600 522 pesse:
621 465 734 522 magnae
746 448 879 504 felicitatis
898 467 955 506 esse

79 555 85 560 -
156 527 339 592 arbitrabatur,
352 525 485 582 neminem
495 541 528 580 ex
537 523 615 585 caede
623 522 752 596 refugisse
761 523 789 578 in
799 532 895 592 eastra,
907 525 954 598 qui

156 602 190 656 de
199 609 302 673 accepta
316 599 461 655 ealamitate
475 598 604 655 nuncium
614 598 737 668 Drappeti
749 597 884 670 perferret
904 599 954 655 Sed
1024 657 1025 680 ¹

157 678 186 732 in
194 675 357 748 experiundo
366 691 452 746 quum
464 671 614 745 perieulum
626 671 732 727 nullum
745 672 856 741 videret,
877 675 955 747 equi-
1024 687 1025 694 ¹

156 759 241 806 tatum
254 767 361 806 omnem
370 749 571 820 Germanosque
583 746 697 818 pedites,
716 763 839 803 summae
856 747 955 804 reloci-

157 826 217 880 tatis
228 825 359 886 homines,
371 822 405 878 ed
413 829 497 879 eastra
506 822 623 878 bostium
631 821 787 893 praemittit:
801 822 861 894 ipse
873 821 955 898 legio-

157 916 218 954 nem
235 901 318 952 'unam
336 898 365 953 in
383 898 452 952 trina
470 904 555 952 castra
574 896 718 962 distribuit,
740 895 849 952 alteram
863 915 957 961 seeum

156 972 305 1043 expeditam
316 972 398 1028 ducit.
418 972 508 1039 Quum
521 971 631 1044 propias
640 971 724 1027 bostis
738 973 900 1038 amessisset,
920 974 955 1028 ab

156 1045 374 1118 exploratoribus,
390 1064 457 1118 quos
466 1046 645 1116 praemiserat,
660 1046 802 1122 eognoseit,
816 1055 955 1104 castraeo-

156 1139 227 1187 rum,
238 1128 269 1176 ut
277 1121 450 1176 barbarorum
460 1119 509 1175 lert
517 1120 687 1184 eonsuetudo,
694 1120 791 1193 relictis
800 1120 865 1176 loeis
874 1139 955 1195 supe-

156 1197 280 1260 rioribus,
296 1194 331 1249 ad
344 1195 415 1265 ripas
430 1193 751 1251 flumrnrsessedemissa:
772 1203 798 1251 at
807 1195 954 1252 Germanos

156 1268 311 1342 equitesque
321 1267 535 1340 imprudentibus
545 1269 709 1325 omnibusdo
717 1269 863 1342 improviso
873 1273 954 1329 advo-

157 1343 225 1406 lasse
233 1351 258 1397 et
267 1341 397 1415 proelium
406 1344 579 1400 commisisse.
599 1343 656 1411 Qua
666 1345 814 1419 reoegnita,
823 1344 953 1420 legionem
1024 1389 1025 1396 ,

157 1425 284 1474 armatam
294 1417 503 1492 instructamque
516 1418 630 1475 adducit
649 1420 697 1485 lta,
713 1427 818 1492 repente
826 1421 953 1476 omnibus

157 1512 190 1550 ex
199 1494 319 1566 partibus
328 1493 406 1568 signo
415 1493 484 1559 dato,
496 1492 552 1548 lona
561 1494 696 1566 superiora
705 1494 856 1566 capiuntur.
877 1495 954 1562 Quod
1024 1543 1025 1546 ,

156 1569 315 1635 ubiaoeidit,
336 1569 461 1624 Germani
470 1568 635 1643 equitesque,
655 1568 740 1643 signis
754 1567 866 1642 legionis
875 1571 951 1636 visis,

48 1679 54 1691 «
159 1644 388 1700 vehementissime
395 1641 571 1715 praebantur:
591 1641 729 1699 eoniestim
741 1643 860 1699 oobortes
873 1645 954 1700 undi-

157 1737 210 1792 que
221 1720 350 1790 impetum
364 1717 471 1784 iaciunt,
492 1718 671 1792 omnibusque
678 1725 724 1773 aut
734 1717 889 1785 interiectis,
910 1725 954 1774 aut

156 1794 249 1922 Baptis,
260 1810 357 1868 magna
365 1792 461 1866 praeda
468 1793 620 1866 potiuntur:
639 1792 954 1866 capituripsaeoproelia

178 1963 195 1996 ι
212 1942 349 1997 XXXVII.
370 1941 507 2008 Caninius,
528 1939 679 1997 ielieIssime
690 1949 809 2016 regesta,
828 1941 954 1998 eineullo

156 2030 240 2086 paene
249 2015 342 2068 militis
354 2014 472 2082 vulnere,
492 2015 527 2071 ad
535 2015 692 2073 obsidendes
706 2015 853 2088 oppidanos
866 2033 955 2073 rever·
1024 2021 1025 2052 i

156 2087 234 2154 titan
255 2095 417 2174 externoque
426 2089 701 2178 hostedeleto,·euius
715 2091 809 2178 timore
821 2099 899 2148 antea
907 2109 955 2147 an-
1024 2135 1025 2162 ,

65 2197 67 2203 ’
156 2161 957 2312 tutudistis{iustissimis

89 2323 93 2332 ’
157 2312 249 2369 mam
258 2329 319 2368 eum
330 2309 387 2367 suis
394 2311 478 2383 mpiis
485 2319 589 2384 postero
598 2315 642 2370 die
649 2315 681 2372 C.
691 2312 791 2370 Fabius
799 2323 956 2389 partemque

157 2388 249 2462 oppidi
259 2387 342 2443 sumit
351 2386 385 2441 ad
392 2386 578 2442 obsidendum.

211 2463 360 2517 XXXVIII.
380 2460 955 2534 CaesarInterimlI..lntoniumquaestorem
1024 2495 1025 2534 q

157 2537 381 2592 cumoohortibus
390 2533 620 2591 XVInIlelIovacis
630 2534 746 2608 reliquit,
755 2554 789 2591 ne
796 2554 851 2609 qua
863 2555 955 2594 rursus
1024 2537 1025 2608 l

159 2625 290 2674 novorum
303 2609 476 2668 oonsilIorum
495 2607 529 2665 ad
548 2609 706 2680 capiendum
724 2608 825 2666 bellum
846 2610 955 2669 facultas
1024 2609 1025 2642 l
