2042 3004
186 158 235 215 rot
383 165 414 212 s„
433 163 563 210 mern
579 163 629 209 ne
646 163 772 210 senno

186 283 240 340 que
251 272 381 337 peteretur
391 283 406 318 e
416 263 560 319 Pherneee:
581 279 635 334 quo
645 262 714 317 melo
729 264 783 318 nisu
799 263 974 331 liberarentur,

186 339 440 413 impereteseleoere
448 338 640 410 pecuniamque
648 338 975 409 promissemCeeserinen

187 414 428 489 possepersolvere.
447 413 976 486 nomiuusnonenmmedexpticsnde
1008 451 1009 526 1

188 498 293 547 sumtus
308 491 347 546 rei
358 488 479 544 militetis
488 505 573 560 quum
587 487 723 558 pemtnism
735 491 919 546 neoesserism
931 508 978 546 ees

188 567 321 630 iudicaret,
344 563 391 619 sed
408 565 485 618 etism
501 571 578 634 turpe
595 561 693 634 populo
706 561 829 618 ltomeno
843 572 873 618 et
886 566 978 622 Caesari

188 641 289 706 victori,
309 639 415 711 sibique
428 637 526 693 infame
537 653 594 692 esse
605 643 737 700 statueret,
758 653 845 710 regne
855 642 977 696 soeiomn

189 723 267 788 etque
286 714 430 769 amisorum
449 713 482 768 eb
499 719 607 766 externo
624 727 684 784 rege
701 713 844 782 ooeuperi:
877 717 978 771 nuncies

189 789 325 845 molestim
336 787 370 842 ed
379 788 528 842 Pharnacen
536 787 618 852 misit,
633 786 979 863 AmnenieCeppedocieqm

189 864 327 927 decederet,
339 878 413 926 neve,
428 862 594 935 oeeupetiens
602 860 664 918 belli
673 859 769 925 civilis,
778 863 880 933 populi
894 867 979 920 Rome·
1008 901 1009 928 t

190 941 218 995 ni
232 940 275 992 ius
288 937 502 1008 maiestatemque
514 943 631 991 tentaret.
660 936 732 990 liene
750 935 979 996 denuneietionen

190 1029 275 1085 quum
284 1011 410 1066 maiorem
421 1011 478 1068 vim
489 1010 637 1066 hebimrem
651 1009 825 1078 existimaret,
841 1013 870 1068 si
879 1017 981 1088 propius

189 1087 360 1160 eesregiones
370 1103 431 1142 eum
440 1087 556 1141 exercitu
565 1085 725 1140 secessisset:
746 1085 782 1140 ad
797 1085 922 1160 legiones
931 1107 982 1162 pre

189 1161 281 1226 fectus,
292 1177 374 1216 unam
382 1179 416 1216 ex
424 1161 510 1217 tribus
520 1161 677 1216 trioesimem
686 1167 788 1215 sertem
798 1179 897 1220 smum
906 1166 980 1221 ducit.

190 1236 257 1292 dues
275 1237 302 1292 in
321 1237 471 1311 Aegyptum
489 1235 522 1290 ed
539 1235 677 1291 Caesarem
697 1235 787 1300 mittit,
813 1235 913 1294 litteris
933 1241 982 1295 eim
1008 1229 1009 1248 ¹

190 1318 321 1368 evoeetes:
360 1329 474 1384 querum
491 1309 570 1364 altere
589 1311 618 1366 in
638 1307 707 1365 bello
725 1307 917 1372 Alexandrino
937 1331 981 1370 noe

191 1388 311 1453 oecurrit,
323 1385 403 1458 quod
416 1386 507 1441 itinere
519 1384 633 1446 terrestri
642 1401 689 1456 per
697 1383 804 1458 Syriam
820 1395 881 1443 eret
896 1391 980 1445 misse.
1008 1393 1009 1410 ¹

112 1498 115 1506 ,
191 1463 320 1536 Adiungit
337 1461 387 1518 Cn.
401 1460 529 1516 Domitius
543 1459 638 1534 legioni
653 1459 800 1514 triossimee
814 1471 912 1520 sextae
923 1465 981 1520 dues

192 1539 226 1592 ab
235 1538 361 1601 Deiotaro,
382 1553 449 1610 ques
461 1534 504 1590 ille
513 1533 651 1606 discipline
664 1541 742 1606 etque
751 1545 893 1594 muretus-e
902 1547 981 1594 nostre

192 1607 339 1685 complures
352 1627 434 1666 annos
447 1610 599 1666 eonstitutns
611 1609 735 1672 habebut,
752 1611 919 1684 equitesque
931 1631 982 1668 een·

194 1697 264 1742 tum:
284 1684 667 1760 totidemqueebArioherzane
675 1683 766 1738 sumit.
787 1685 873 1743 Mittit
882 1689 914 1743 P.
925 1690 982 1744 Ser·

193 1763 261 1818 tium
270 1763 304 1818 ed
313 1762 341 1817 C.
351 1761 517 1824 Plaetorium,
529 1766 701 1830 quaestorem,
717 1767 747 1812 ut
756 1756 894 1832 legionem
905 1764 980 1818 addu-

193 1845 269 1903 ceret,
286 1853 356 1908 quse
368 1853 401 1892 ex
410 1833 589 1890 tumultuariis
598 1833 727 1901 militibus
740 1833 768 1886 in
778 1834 865 1890 Ponto
874 1839 981 1894 conlecta

109 1957 115 1976 ,
194 1920 262 1967 eret:
280 1912 464 1982 Quintumque
478 1909 602 1966 Patisium
612 1909 640 1963 in
654 1901 772 1964 Ciliciam
789 1909 825 1963 ed
835 1913 940 1968 auxilie
950 1929 982 1967 er-

194 1986 327 2040 mesende.
347 1985 419 2052 Ques
436 1984 524 2055 eopiee
542 1983 657 2040 eeleriter
676 1995 768 2038 omnes
786 1983 868 2040 iussu
883 1987 981 2044 Domitii

195 2060 308 2114 (lomene
319 2067 502 2116 eonvenerunt.

248 2133 361 2189 XXXV.
382 2133 488 2188 Interim
505 2132 582 2206 legati
599 2150 615 2187 e
634 2131 765 2188 Pherneoe
778 2149 911 2205 response
927 2137 983 2192 nele-

195 2216 269 2274 nunt‚
296 2207 460 2278 Cappadocia
477 2225 504 2263 se
522 2213 668 2272 decessisse,
693 2205 844 2263 Aetnensem
865 2217 986 2267 missores

195 2289 326 2354 recepisse,
346 2301 424 2353 quam
437 2291 545 2351 paterno
563 2288 664 2338 nomine
676 2287 733 2336 ture
746 2285 863 2338 ob'tteeee
876 2291 986 2354 deleret·

196 2365 304 2431 dentque
318 2365 373 2414 etus
387 2363 460 2427 repet
474 2375 567 2413 caussa
581 2363 686 2426 telepte*
698 2355 806 2412 Caesari
823 2373 986 2418 servaretur:

193 2443 318 2506 peretum
329 2437 395 2488 enim
408 2450 435 2487 se
447 2439 541 2502 secere,
557 2436 625 2502 qued
637 2437 661 2486 ts
674 2435 815 2486 statuisset.
838 2433 892 2491 Cn.
905 2436 987 2492 Domi·

197 2508 259 2572 tius,
271 2525 355 2580 quum
365 2507 586 2568 animadverteret,
597 2521 658 2558 eum
668 2504 986 2575 Ceppedooiedeeeesisse,

197 2597 251 2636 non
260 2581 392 2636 voluntate
401 2581 550 2642 adductum,
562 2577 607 2630 sed
617 2578 781 2645 necessitate;
802 2583 988 2650 quodleeilins

198 2653 349 2710 Armeniam
371 2653 507 2710 defendere
526 2658 626 2724 posset,
659 2651 802 2706 subiectum
825 2671 879 2710 sue
902 2675 986 2733 regne,
