2072 2998
188 115 238 170 272
412 121 461 166 ΒΕ
483 121 610 166 BELLO
633 120 752 167 CIVILI

189 220 304 294 reliquas
317 218 431 294 legiones
442 221 579 293 expeditas
598 219 685 276 educit
704 237 859 294 magnoque
881 237 1003 288 numeru

152 291 158 300 ’
189 297 367 350 iumentorum
383 296 412 350 in
430 293 539 350 flumine
557 312 636 366 supra
655 303 734 367 atque
752 294 820 350 infra
833 299 995 370 ccnstitutn

189 369 335 426 transducit
343 369 495 426 exercitum.
513 370 593 425 Pauci
603 387 636 424 cx
645 369 688 424 his
698 369 837 436 militibus,
855 372 886 428 vi
907 346 1004 432 dumi-i

190 446 233 500 nis
242 444 521 517 abrepti‚nbcquitatu
529 444 697 516 excipiuntur
703 461 736 500 ec
743 444 944 502 subleventur:
961 450 995 501 in·

189 520 259 576 teriit
267 527 355 574 tamen
365 535 449 576 nemo.
459 519 622 574 Transductc
630 518 757 574 incolumi
766 520 897 587 exercitu,
907 525 993 594 copies
1004 575 1005 590 p

190 595 297 650 instruit
306 593 487 667 triplicemque
498 594 580 652 aciem
594 593 689 650 ducere
702 594 803 667 incipit.
826 594 869 650 Ac
887 593 1005 652 tantun

189 669 240 725 tuit
249 671 278 724 in
287 668 417 724 militibus
425 667 515 735 studii,
525 676 565 735 ut,
576 668 731 724 milliumVI
739 669 773 724 ad
781 669 830 724 iter
837 669 939 727 addito
948 673 991 726 cir·

181 745 272 810 ¹cuitu,
287 759 435 816 magnaque
445 742 479 800 ad
491 743 591 799 vadum
604 741 722 800 fluminis
735 759 809 799 more
821 743 988 818 interpositu,
1005 803 1006 818 χ

191 836 243 895 eos,
264 818 312 891 qui
321 818 354 872 dc
366 817 439 873 tertie
452 817 543 892 vigilis
558 818 681 883 exissent,
701 817 865 874 antenorem
879 820 990 896 dieinc
1005 823 1006 828 ’

191 911 253 948 nam
263 909 340 948 conse
379 897 493 950 crentur.

245 967 327 1022 LXV.
388 983 418 1021 cs
427 966 475 1022 ubi
483 965 608 1023 Afranius
620 965 710 1040 procul
724 966 796 1022 visos
809 983 875 1023 cum
891 970 988 1026 Petreio
1006 1033 1007 1048 χ

191 1041 335 1112 conspexit,
355 1057 461 1098 novare
477 1043 629 1114 perterritus
646 1041 709 1098 locis
722 1041 909 1114 superioribus
931 1061 988 1100 con·
1006 1051 1007 1106 ἒ

191 1115 257 1170 stitit
265 1115 399 1187 aciemque
407 1116 521 1174 instruit.
541 1117 987 1190 Caesarincanpisexercitumrc

182 1189 254 1255 'ficit¹
262 1207 296 1246 ne
305 1187 437 1246 defessum
446 1190 544 1263 proelio
555 1191 670 1248 obiiciat.
680 1191 782 1248 Rursus
792 1200 921 1249 conantes
930 1211 987 1267 pro-

191 1263 265 1339 gredi
283 1265 432 1338 insequitur
440 1273 466 1322 et
477 1273 603 1323 moratur.
622 1266 664 1323 Illi
679 1266 823 1324 necessario
842 1270 984 1332 maturius,

191 1355 273 1413 quam
293 1340 492 1407 constituerent,
519 1347 602 1398 castrt
622 1348 737 1414 ponunt:
766 1341 895 1398 suberant
917 1343 986 1398 eninr

162 1469 164 1472 .
191 1423 294 1472 montes
303 1416 533 1490 etqueemillssrus
541 1433 670 1488 passuum
680 1417 799 1490 quinque
807 1415 901 1472 itinere
917 1417 986 1473 diiii·

136 1543 140 1554 ‚
191 1491 456 1568 ciliaetquccngustn
465 1491 639 1564 excipiebant.
658 1491 711 1546 Hos
720 1491 787 1546 intre
797 1499 985 1547 montesserc·
1008 1492 1009 1564 i

191 1567 330 1638 cptehant,
340 1575 371 1624 ut
379 1567 525 1640 equitamm
534 1565 678 1640 effugerent
689 1565 816 1630 Caesaris,
832 1564 985 1636 praesidiis

192 1659 245 1714 que
253 1644 281 1697 in
296 1642 427 1718 angustiis
441 1641 579 1708 collocatis,
599 1641 743 1696 exercitum
759 1640 848 1695 itinere
860 1637 983 1710 prohibe

192 1723 257 1783 rent,
278 1716 331 1789 ipsi
340 1716 398 1774 sine
406 1715 522 1790 periculo
534 1731 563 1771 nc
575 1714 669 1770 timore
680 1714 786 1770 Iberum
798 1713 885 1786 copias
897 1720 981 1772 trans·

191 1790 329 1846 ducerent:
348 1792 421 1865 quod
430 1789 480 1846 tuit
489 1790 543 1846 illis
551 1787 700 1846 conandum
710 1797 789 1861 etque
799 1788 872 1844 omni
885 1790 979 1844 ratione
1000 1789 1009 1813 ”

191 1864 368 1922 efficiendum.
389 1865 528 1922 Sedtctius
537 1865 588 1921 diei
601 1881 691 1938 pugna
700 1871 779 1936 etque
787 1862 888 1919 itineris
896 1862 975 1918 lnbcrc

191 1937 295 2005 defessi,
308 1957 364 1994 rem
372 1940 400 1995 in
410 1947 544 2012 posterum
553 1939 624 1996 diem
633 1937 802 1996 distulerunt.
816 1938 974 2010 Caesarque

191 2029 244 2082 que
253 2013 282 2066 in
291 2014 412 2082 proximo
421 2013 486 2070 colle
494 2021 578 2070 castra
586 2015 670 2087 ponit.

245 2085 336 2141 LXVI.
346 2087 431 2143 Medic
440 2088 541 2143 circiter
550 2096 624 2145 nocte
632 2087 726 2158 iis,qui
734 2086 881 2160 adaquandi
890 2101 974 2142 ceusffl

192 2159 234 2214 lon
256 2159 423 2216 'usacastris
432 2161 803 2236 processerantabcquitibus
811 2161 936 2234 surreptis,
948 2161 974 2215 fit

192 2175 280 2305 cbpffis
288 2234 380 2290 certior
392 2234 495 2302 Caesar,
511 2235 591 2292 duces
605 2237 814 2294 adversariorum
827 2235 923 2294 silentio
934 2251 973 2288 cc·

192 2310 251 2382 pins
259 2308 477 2366 custriseducerc.
497 2309 677 2386 Qucccgnito.
693 2313 800 2387 signum
814 2310 869 2366 deri
878 2309 944 2364 iubet
950 2316 973 2363 et

193 2403 255 2440 vasa
267 2383 374 2440 militari
390 2401 462 2441 more
473 2385 639 2441 conclamari.
659 2385 710 2452 uli,
726 2383 850 2441 exaudito
862 2383 969 2448 clamore,

192 2460 277 2525 veriti,
292 2477 326 2516 nc
335 2466 413 2516 noctu
426 2459 545 2532 impediti
558 2459 609 2515 sub
622 2477 699 2516 onere
712 2457 850 2532 confligere
862 2474 971 2532 cogeren-

192 2542 244 2598 tur,
256 2542 302 2589 aut
311 2552 344 2592 ne
352 2535 385 2590 ch
395 2535 512 2609 equitatu
522 2534 639 2590 Caesaris
649 2535 677 2591 in
687 2533 816 2607 angustiis
824 2539 966 2597 tenerentur,

193 2607 241 2670 iter
249 2610 419 2684 supprimunt
427 2610 568 2682 copiasque
577 2609 604 2664 in
616 2609 707 2666 castris
721 2605 859 2662 continent
878 2607 968 2662 Postero
