2044 2992
186 119 235 172 496
378 141 383 154 ·
485 123 534 168 DE
551 123 674 168 Bucco

186 225 223 278 lta
233 222 327 278 diebus
336 221 518 294 compluribus
530 221 651 293 cupiebat
661 220 768 288 Cacsar,
789 224 814 278 si
829 241 887 296 qua
900 223 979 280 condi

185 299 256 352 tiana
265 305 360 369 poam,
384 295 544 352 adversarios
554 297 582 350 in
595 311 711 366 aequum
724 295 817 352 locum
827 297 981 354 deducerect

187 369 630 445 primoquoquatemporcdebello
640 368 788 426 decernere.

242 448 287 503 vt.
307 446 338 501 ld
351 463 437 518 quum
454 445 669 500 animadverteret
689 443 862 502 adversarios
881 449 982 504 minine

188 521 265 588 velle,
276 537 344 593 quos
356 521 414 576 ideo
427 521 494 575 atie
503 525 651 581 retraxerat,
666 527 697 572 ut
706 520 735 573 in
746 535 871 592 aequm
880 524 982 579 deduce

188 605 236 661 rat,
256 597 339 668 copiis
356 594 454 652 ilumeu
470 593 637 658 transductis,
655 602 736 650 noctu
750 595 829 650 iubat
842 598 923 671 ignes
937 600 982 652 tici

189 688 310 744 magnos.
339 672 376 725 lta
395 669 579 724 firmissimum
597 668 655 723 aius
674 669 844 738 praesidium
863 673 981 746 Ateguam

189 746 372 817 pmlroiscitur.
392 744 422 799 ld
430 761 516 816 quum
525 744 664 814 Pompeius
678 759 712 798 ex
724 744 850 819 &abigis
861 751 979 803 rescisset.

190 837 220 874 ea
229 820 271 874 dia
282 837 329 890 per
341 819 445 873 vinnm
454 817 633 874 difficultatem
641 823 668 871 et
678 820 823 890 angustias
832 838 913 878 carra
924 839 991 877 conr*

190 894 266 965 plura
283 893 434 964 multasque
448 891 555 947 balistas
573 893 681 946 retraxit
692 898 718 946 et
735 893 774 946 ad·
789 894 979 952 Cordubama

191 968 296 1038 recapit.
327 967 422 1022 Caesar
439 967 631 1022 munitionibus
648 967 780 1040 Ateguam
796 979 980 1046 oppugnaret

190 1041 297 1098 brachia
306 1041 500 1097 circumducere
509 1042 601 1113 coepit.
620 1041 705 1096 Cuius
715 1043 753 1096 rai
767 1043 904 1118 Pompeio
914 1063 981 1119 quun

191 1117 306 1174 nuncius
323 1125 391 1174 assat
406 1117 516 1182 adlatus,
536 1133 567 1171 eo
585 1117 628 1172 dia
645 1115 835 1188 proficiscitur.
870 1121 953 1177 Cuius
964 1122 980 1174 ir

192 1192 345 1259 adventum,
364 1191 487 1264 praesidii
501 1208 602 1255 caussa,
624 1191 718 1246 Caesar
731 1193 878 1264 complura
894 1195 981 1252 castelle

191 1269 338 1339 occupavit,
356 1268 452 1339 partim
464 1266 511 1321 ubi
528 1266 668 1338 equitatus,
689 1267 786 1338 partim
802 1269 854 1324 ubi
868 1271 982 1343 padesris

192 1343 266 1414 copia
283 1343 434 1398 iactatione
451 1349 477 1396 at
495 1341 522 1395 in
537 1340 662 1395 excubitu
680 1341 773 1395 caenis
788 1347 931 1414 praesidio
943 1361 982 1400 asc

192 1425 308 1492 poseant.
337 1418 425 1474 Hicin
438 1416 552 1471 adventu
564 1415 681 1487 Pompeii
695 1415 798 1482 incidit,
822 1428 855 1474 ut
867 1423 983 1477 matutino

193 1504 310 1566 ternpore
319 1491 416 1548 nebula
424 1499 491 1546 essct
499 1491 673 1546 crassissima.
699 1492 891 1562 ltaqueinilla
904 1497 984 1552 obscu-

194 1570 293 1624 ratione
301 1585 364 1623 oum
378 1567 478 1638 aliquot
492 1565 644 1620 cohortibus
656 1574 683 1620 et
697 1566 822 1635 equitum
837 1574 940 1626 turmis
948 1573 984 1624 cir-

194 1643 489 1699 cumoluduntCaasaris
498 1641 599 1712 equites
610 1646 635 1695 et
643 1639 794 1708 concidunt,
806 1643 858 1709 sic,
872 1654 905 1701 ut
915 1647 959 1700 vix
968 1647 997 1696 ir

196 1718 312 1775 camele
319 1719 396 1790 pauci
406 1717 558 1790 effugerent.
996 1729 997 1732 ¹

249 1795 305 1850 Vll.
326 1793 476 1865 Insequenti
485 1798 559 1846 nocte
566 1796 650 1844 caena
662 1806 710 1844 sua
719 1789 843 1856 incendit
852 1793 985 1866 Pompeius

194 1878 220 1924 et
233 1877 305 1924 trans
322 1868 421 1924 flumen
435 1867 539 1922 Salsum
552 1881 599 1937 par
613 1863 744 1919 convalles
759 1874 849 1920 castra
862 1867 934 1924 inter
947 1869 985 1922 dur

195 1944 299 2015 oppida,
313 1945 441 2017 Ateguam
450 1951 477 1998 et
489 1941 611 2004 Ucubim,
626 1939 653 1994 in
664 1946 752 1993 monta
759 1943 915 1998 constituit.
936 1944 986 1999 Cae

195 2035 238 2074 sar
247 2020 275 2072 in
290 2017 482 2073 munitionibus
494 2017 647 2086 caterisque,
671 2029 740 2086 quae
753 2013 789 2068 ad
803 2018 939 2087 oppidum
952 2035 985 2087 op

195 2093 371 2166 pugnandum
390 2107 457 2162 opus
476 2092 591 2154 luerunt,
605 2105 733 2163 ‘aggerem
751 2087 907 2164 vineasque
925 2107 985 2150 acen

91 2199 93 2212 »
197 2167 320 2224 instituit.
348 2168 415 2220 Haec
429 2166 484 2222 loca
502 2173 565 2220 sunt
577 2172 715 2220 montuosa
726 2169 754 2217 'at
767 2173 866 2220 natura
881 2151 955 2222 editi
963 2163 985 2219 ari

197 2261 252 2299 ram
263 2241 416 2309 militarem
428 2257 497 2313 quaa
507 2239 616 2312 planitie
625 2238 865 2295 dividunturSolso
875 2241 985 2297 lluminr.

196 2319 316 2389 proxima
333 2324 420 2371 tamen
438 2315 579 2388 Ateguam,
600 2322 630 2368 ut
648 2313 682 2368 ad
700 2311 801 2368 flumen
820 2315 879 2370 sint
898 2318 987 2371 circiter

196 2408 325 2464 passuum
335 2391 389 2446 duo
398 2390 491 2446 millia.
512 2390 554 2444 Eat
562 2405 592 2443 ea
602 2389 708 2461 regione
716 2387 808 2458 oppidi
817 2389 849 2444 in
860 2391 986 2446 montibus

197 2473 280 2520 castra
296 2465 390 2520 babuit
402 2467 487 2536 posita
499 2462 648 2533 Pompeius,
672 2462 701 2516 in
710 2470 855 2531 conspectu
862 2471 987 2519 utramu-

197 2555 250 2609 qua
263 2539 429 2611 oppidorum,
452 2555 536 2610 neque
548 2536 604 2590 suis
617 2553 699 2590 aursus
710 2542 749 2590 est
761 2535 886 2592 subsidio
896 2540 985 2594 venire.

204 2613 308 2681 Aquilae
328 2621 354 2668 at
371 2613 448 2686 signa
462 2613 554 2670 habuit
568 2609 691 2664 tredecim
708 2609 860 2683 legionum,
887 2613 944 2677 sed,
962 2625 986 2665 ex
