2072 2998
264 145 333 190 LIB.
347 143 414 192 Vm.
443 145 522 192 CAP.
537 144 580 191 uu.
595 145 637 192 31.
799 144 851 199 *tut

48 247 170 320 ‚egionss
180 243 209 298 in
223 251 394 316 conspectum
403 244 521 300 hostium
535 245 654 300 veniunt.
676 244 780 312 Quibus
789 242 856 302 visis
902 274 916 286 ·

47 317 189 394 perculsae
207 317 381 374 barbarorum
392 327 505 384 turmae,
527 321 676 390 perterritae
690 321 759 374 acies
773 320 856 376 hosti-

47 413 107 462 um,
130 393 285 466 perturbato
295 393 543 465 impedimentorum
558 394 673 467 agmine,
694 394 856 468 magnocla-

48 487 124 526 more
134 467 314 540 discursuque
322 467 424 539 passim
440 467 518 542 fugae
531 485 561 522 se
574 467 708 524 mandent.
729 469 764 524 At
773 471 862 527 nostri.

48 545 165 618 equites,
188 541 237 614 qui
255 541 346 612 paullo
364 549 423 596 ante
440 559 503 597 cum
518 543 700 598 resistentibus
713 542 854 598 fortissime

48 617 234 681 conflixerant,
247 615 343 671 laetitia
353 616 553 683 victoriaeelati,
567 633 664 690 magno
672 617 792 690 undique
801 617 855 672 cla-

49 689 245 756 moresublato,
254 690 407 745 cedentibus
418 689 581 758 circumfusi,
588 700 719 764 quantum
724 709 855 765 equorum

50 772 121 825 vires
132 766 167 822 ad
177 765 392 838 persequendum
406 765 565 838 dextraeque
582 767 616 821 ad
629 767 792 824 caedendum
806 785 854 822 va-

49 845 114 908 lent,
140 847 247 896 tantum
270 856 300 894 eo
318 839 416 912 proelio
431 840 600 897 interficiunt.
629 842 720 914 ltaque
738 840 853 914 amplius

50 917 175 972 millibus
190 915 242 970 Xll
257 921 302 969 aut
316 921 486 980 armatorum,
512 923 559 970 aut
575 932 675 981 eorum,
699 917 747 988 qui
762 919 855 972 timore

49 1009 125 1049 arma
134 989 307 1064 proiecerant,
327 988 476 1055 interiectis,
497 990 585 1046 omnis
597 991 740 1047 multitudo
752 992 854 1065 capitur
920 989 930 1019 ’-

1 1088 15 1112 ν
50 1065 315 1140 impedimentorum.

105 1139 202 1197 XXX.
223 1137 281 1206 Qua
300 1155 334 1194 ex
350 1136 423 1211 luga,
444 1154 530 1210 quum
542 1145 678 1206 constaret,
698 1140 854 1212 Drappetem

50 1217 195 1278 Scaeam,
217 1212 284 1286 (qui,
303 1219 334 1268 ut
346 1213 466 1285 primum
484 1211 610 1269 deiecerat
622 1213 718 1281 Gallia,
740 1215 854 1270 collectis

52 1291 175 1363 undique
183 1287 294 1360 perditis
302 1286 467 1354 bominibus,
482 1287 566 1344 servis
575 1286 609 1342 ad
620 1286 768 1344 libertatem
777 1306 854 1345 voea-

51 1367 94 1432 tis,
116 1361 262 1421 exsulibus
271 1363 393 1419 cranium
406 1363 543 1437 civitatum
557 1361 671 1428 adscitis,
692 1364 801 1434 receptis
817 1363 855 1418 la·
905 1361 908 1366 ’

51 1441 186 1504 tronibus,
208 1436 395 1508 impedimenta
409 1443 435 1491 et
449 1442 610 1490 commeatus
625 1437 802 1492 Romanorum
813 1438 855 1492 in·

52 1510 205 1586 terceperat)
223 1527 277 1566 non
287 1510 403 1583 amplius
413 1510 554 1564 bominum
568 1509 672 1564 duobus
686 1509 807 1564 millibus
821 1528 855 1566 ex

50 1590 115 1664 luga
138 1584 265 1651 collectis,
285 1585 451 1658 provinciam
471 1590 567 1656 petere,
588 1600 696 1656 unaque
712 1584 854 1640 consilium

50 1660 320 1721 cumeoLucterium
330 1659 481 1716 Cadurcum
490 1658 600 1732 cepisse,
622 1657 856 1731 (quemsuperiorc

50 1736 253 1801 commentario,
273 1734 359 1806 prima
373 1732 633 1799 delectioneGalliae,
655 1731 738 1787 lacere
751 1733 778 1786 in
794 1735 856 1804 pre

51 1813 173 1869 vinciam
192 1808 322 1882 impetum
338 1807 467 1874 voluisse,
487 1809 623 1882 cognitum
642 1807 709 1882 est;)
726 1807 855 1869 Caninius

51 1889 159 1962 legatus
174 1901 237 1940 cum
258 1881 408 1957 legionibus
427 1881 532 1938 duabus
552 1882 585 1938 ad
602 1899 647 1938 eos
660 1881 855 1954 persequendos

52 1959 199 2025 contendit,
221 1959 260 2015 n!
268 1957 301 2012 de
310 1956 465 2014 detrimento
475 1964 520 2013 aut
533 1957 626 2012 timore
639 1957 789 2028 provinciae
798 1975 855 2012 ma-

52 2056 106 2112 gna
124 2033 247 2098 infamia,
267 2031 430 2105 perditorum
448 2032 589 2088 hominum
604 2031 758 2098 latrociniis,
779 2049 856 2105 cape-

53 2120 136 2168 retur.

106 2183 215 2241 XXXI.
236 2179 373 2236 cultius
381 2197 444 2236 cum
453 2181 555 2254 reliquo
565 2181 681 2238 exercitu
690 2181 719 2238 in
729 2181 856 2239 Carnutes
929 2245 934 2256 ¹

52 2268 209 2331 ceterasque
226 2255 402 2327 proficiscitur
414 2256 541 2322 civitates,
563 2273 678 2329 qunmm
696 2273 727 2311 eo
745 2253 853 2327 proelio,

53 2335 202 2408 quodcum
212 2329 348 2386 Dumnaco
358 2329 459 2395 fecerat,
473 2331 562 2402 copias
571 2347 629 2386 esse
638 2330 736 2385 aecbas
746 2327 853 2383 sciebat:

54 2409 193 2466 nonenim
203 2404 350 2470 dubitabat,
362 2404 429 2477 quin
439 2405 534 2460 recenti
543 2404 690 2460 calamitate
698 2401 857 2456 submissio-

54 2503 94 2540 res
105 2489 197 2539 essent
206 2479 323 2548 iuturae3
344 2478 744 2551 datoverospatioactempore,
764 2475 856 2530 eodem

55 2560 170 2615 instante
179 2557 325 2617 Dumnaco,
337 2561 443 2624 possent
454 2554 587 2610 concitari:
608 2551 665 2618 Qua
676 2551 704 2604 in
713 2567 741 2605 re
750 2565 857 2604 summe

55 2631 165 2690 felicitas
178 2627 352 2700 celeritasque
364 2628 393 2684 in
407 2628 564 2702 recipiendis
578 2625 729 2683 civitatibus
743 2625 857 2680 Fabium
944 2651 947 2658 ν
