2072 2998
326 155 395 200 ΗΒ.
408 154 478 202 vm.
507 155 589 204 GAP.
604 157 644 203 19.
825 154 875 208 2l5

72 255 134 330 gine
146 253 221 309 huno
233 251 342 310 insidiis
359 253 597 310 circumdederunt.
623 255 721 320 Nostri,
740 256 875 328 explorato

73 328 189 386 hostium
198 326 327 394 oonsilio,
349 327 383 384 od
396 328 580 401 proeliandum
597 329 686 384 animo
701 337 779 402 atque
792 333 874 386 ermis

18 471 20 478 y
71 403 164 478 parati,
180 419 269 474 quum
278 402 504 475 subsequentibus
517 402 665 476 legionibus
679 402 780 458 nullom
794 404 875 459 dimi-

72 479 201 535 cationem
214 484 375 543 reoussrent,
392 477 528 532 turmatim
542 477 568 532 in
582 494 645 532 eum
660 477 748 532 locum
762 477 875 534 devene-

72 559 144 610 runt.
175 551 296 618 Quorum
317 551 432 607 adventu
450 569 536 624 quum
555 551 607 606 sibi
629 552 740 608 Correus
758 552 874 608 oblatam

71 627 236 684 oooosionem
246 626 283 680 rei
293 625 423 700 gerendae
432 627 726 698 existimaret,primum
734 643 797 682 oum
807 645 875 698 psu-
939 635 948 654 ‘
997 653 1006 668 -

71 703 109 758 cis
118 719 149 756 se
158 700 274 756 ostendit
283 707 363 772 atque
373 701 399 755 in
409 701 544 771 proximas
553 709 655 756 turmas
664 702 793 773 impeturn
803 701 872 756 lecit.

71 775 162 832 Nostri
182 781 334 830 constanter
355 774 492 830 incursum
516 776 647 832 sustinent
671 777 871 838 insidiatorum

72 867 160 923 neque
169 848 260 920 plures
266 849 295 903 in
305 865 391 904 unum
402 848 489 904 looum
498 851 747 922 eonveniunt,quod
756 851 874 924 plerum-

71 943 125 998 que
139 924 311 995 equestribus
323 921 430 995 proeliis
445 941 532 994 quum
544 933 649 996 propter
663 926 780 998 aliquem
794 927 874 982 timo-

71 1017 128 1055 rem
146 997 256 1064 sooidit,
280 1003 341 1052 tum
359 996 530 1054 multitudine
547 999 666 1070 ipsorum
684 1000 873 1056 detrimentum

72 1074 125 1130 noni
145 1073 209 1128 itur.

125 1090 203 1202 pm
223 1145 314 1212 Quum
328 1143 464 1216 dispositis
478 1146 574 1202 turmis
589 1147 615 1202 in
629 1148 714 1204 rioem
732 1148 784 1204 rori
796 1166 874 1221 proo-

71 1223 210 1285 limentur,
231 1234 318 1292 neque
335 1219 369 1274 nb
384 1219 507 1276 lateribus
520 1221 705 1284 circumveniri
719 1241 782 1278 suos
802 1231 874 1294 pote·

71 1305 177 1354 rentur:
198 1301 344 1366 erumpunt
357 1295 444 1359 oeteri,
464 1295 559 1350 Correo
575 1295 719 1367 proeliante
735 1298 872 1355 exedris.

70 1373 114 1430 Fit
122 1382 224 1444 magns
232 1369 397 1426 contentione
405 1368 542 1424 diversum
551 1369 691 1440 proelium.
704 1370 781 1437 Quod
787 1389 873 1442 quum

70 1447 176 1502 diutius
184 1445 243 1516 peri
252 1445 334 1498 Morte
345 1443 462 1509 iniretur,
468 1441 607 1514 paullatim
616 1460 650 1498 ex
658 1443 736 1498 silvis
747 1445 874 1500 instrnots

70 1519 218 1578 multitudo
228 1517 346 1590 procedit
356 1518 484 1588 pediturn,
500 1533 569 1589 quse
579 1524 681 1572 nostros
692 1519 775 1590 coegit
784 1517 874 1574 oedero

69 1596 191 1670 equites:
212 1593 313 1665 quibus
328 1591 445 1648 eeleriter
455 1591 626 1660 subveniunt
644 1590 711 1646 levis
725 1598 874 1646 armaturae

69 1670 185 1744 pedites,
209 1685 277 1740 quos
296 1675 356 1722 eote
375 1666 491 1740 legiones
505 1665 601 1724 missos
615 1665 702 1730 docui,
724 1666 874 1737 turmisque

70 1751 226 1801 nostrorum
236 1742 546 1814 interpositi,oonstonter
555 1739 723 1812 proeliantur.
737 1742 874 1814 Pugnstur

70 1816 241 1890 aliquamdiu
250 1816 309 1889 pari
318 1815 495 1872 eontentione:
515 1814 619 1878 deinde,
640 1815 874 1888 utratiopostuln·

69 1895 116 1950 bet
135 1889 238 1964 proelii,
260 1890 308 1964 qni
323 1892 503 1946 sustinuerant
521 1891 620 1962 primos
635 1889 749 1962 impetus
763 1889 874 1946 insidia-

69 1986 143 2034 rum,
164 1965 216 2022 hoe
231 1965 289 2037 ipso
304 1963 372 2019 fiunt
386 1965 543 2037 superiores,
563 1965 635 2038 quod
643 1965 797 2022 nullumab
807 1965 873 2021 insi-

68 2041 210 2098 diantibus
221 2038 402 2111 imprudentes
414 2047 564 2112 aooepernnt
578 2040 772 2097 detrimentum.
792 2040 873 2096 Aeco·

69 2117 140 2173 dunt
148 2114 262 2189 propius
272 2113 377 2168 interim
388 2113 512 2188 legiones,
519 2115 873 2188 crebriqueeodemtempore

68 2189 210 2248 et‘nostris
224 2197 250 2243 et
268 2187 388 2244 hostibus
398 2189 489 2244 nuncii
501 2188 668 2257 adferuntur,
689 2191 872 2264 imperatorem

68 2264 210 2324 instructis
225 2261 308 2334 oopiis
323 2262 423 2318 adesse.
445 2261 502 2330 Qun
512 2281 540 2318 ro
553 2264 666 2338 oognito,
688 2265 819 2337 praesidio
828 2281 872 2318 eo-

66 2341 191 2398 bortium
201 2335 295 2394 oonfisi
306 2337 387 2392 nostri
398 2338 522 2412 acerrime
531 2339 705 2410 proeliantur,
724 2356 770 2403 ne,
786 2338 810 2392 si
819 2344 873 2392 ter·

66 2415 131 2472 dius
147 2430 206 2470 rem
220 2410 378 2486 gessissent,
399 2411 520 2468 victorine
537 2412 650 2486 gloriam
664 2411 873 2466 eommuniossse

66 2507 133 2546 oum
153 2485 307 2562 legionibus
325 2485 485 2542 viderentur.
506 2488 598 2542 Hostes
616 2485 757 2540 concidunt
776 2485 872 2540 animis

66 2575 150 2640 etque
171 2560 314 2618 itineribus
333 2559 445 2615 diversis
464 2560 555 2634 iugem
577 2567 714 2633 quaerunt.
754 2559 873 2630 Nequid-

66 2658 169 2715 quom:
192 2653 257 2694 nem
276 2634 378 2708 quibus
395 2634 594 2692 difficultatibus
608 2634 725 2688 looorum
740 2635 872 2690 Romanos
