2072 2998
158 142 208 194 tot
360 146 410 192 nn
433 145 556 191 nsnno
582 113 749 208 satureo
1022 158 1030 271 q

158 246 372 318 impressionem,
393 245 522 318 pertinere
535 254 622 299 autem
637 262 688 301 non
704 251 811 299 tantum
822 247 856 302 ad
866 248 952 322 digni·

158 329 246 386 tatem,
268 321 313 375 sed
332 321 410 376 etiam
428 319 462 375 ad
479 316 591 374 salutem
604 336 681 374 suam
697 319 831 386 iudicaret,
852 323 952 379 mallem

158 395 331 454 calamitatem
351 395 434 450 socios
452 393 551 466 optime
568 394 602 448 de
620 393 753 466 republica
767 397 875 451 meritos
889 399 952 452 aoei-
1031 415 1032 451 l

159 487 233 542 pere:
255 469 384 544 legionem
394 486 428 526 ex
441 467 560 522 bibernis
574 476 663 523 evocat
675 485 769 524 rursus
783 470 836 539 Xl;
849 469 952 528 ,litteras

159 553 247 600 autem
266 545 300 600 ed
318 545 346 601 C.
365 543 479 599 Fabium
492 543 580 608 mittit,
600 543 640 597 uti
655 544 684 598 in
701 543 768 599 fines
781 544 952 602 Suessionum

158 620 275 694 legiones
285 619 361 686 duas,
374 635 441 691 quas
450 616 572 687 habebat,
587 617 734 684 adduceret,
750 617 911 692 alteramque
921 637 952 677 ex

159 694 263 750 duabus
273 694 307 749 ab
317 695 347 749 T.
360 693 474 748 Labieno
483 692 599 747 arcessit.
624 693 671 758 lta,
688 700 820 765 quantum
828 694 951 760 hiberno-

159 787 220 824 rum
238 768 419 841 opportunitas
435 765 552 840 bellique
571 765 637 822 ratio
650 766 809 840 postulabat,
829 777 952 845 perpetuo

158 861 208 899 suo
228 842 328 971 labpm,
351 843 380 898 in
397 841 482 899 ricem
502 841 651 916 legionibus
668 841 867 915 expeditionum
886 861 952 901 onus

160 919 269 974 iniunoo
289 925 324 973 at.
507 974 508 977 ,

213 959 267 1045 vi’t.
287 991 334 1045 llis
349 992 432 1063 copiis
445 991 550 1058 eoaotis,
565 991 599 1046 ad
609 989 758 1047 Bellovacos
769 991 951 1064 proficiscitur,

159 1065 303 1136 castrisque
321 1065 349 1120 in
367 1082 459 1122 eorum
479 1066 578 1121 finibus
592 1066 694 1138 positis,
714 1067 835 1138 equitnm
849 1074 954 1123 turmas

158 1139 267 1195 dimittit
275 1139 304 1194 in
314 1156 406 1194 omues
415 1147 501 1211 partas
510 1140 545 1196 ad
554 1139 658 1213 aliquos
666 1140 842 1214 excipiendos,
850 1159 883 1197 ex
893 1143 954 1216 qui-
1026 1180 1030 1211 :

158 1214 209 1270 bus
222 1214 338 1270 hostium
347 1214 638 1289 eonsiliacognosoeret
657 1215 767 1288 Equites
775 1214 955 1272 officioluncti
1026 1224 1030 1247 ¹

158 1288 321 1355 renunciant,
333 1304 430 1360 paucos
440 1289 468 1344 in
478 1289 602 1345 aedificiis
612 1290 799 1346 esseiuventos
808 1290 952 1362 atquehos,

159 1379 212 1418 non
232 1363 280 1436 qui
304 1381 428 1438 agrorum
446 1363 615 1421 colendomm
637 1381 730 1420 caussa
756 1365 953 1430 remansissent,

157 1438 283 1512 (namque
292 1455 350 1494 esse
359 1439 478 1513 undique
488 1439 627 1514 diligenter
637 1438 836 1514 demigratum.)
849 1439 896 1495 sed
905 1440 956 1514 qui

158 1513 310 1586 speculandi
319 1515 493 1589 gratiaessent
501 1514 617 1570 remissi.
636 1511 769 1586 Aquibus
778 1529 864 1586 quum
872 1531 956 1587 quao-

159 1598 225 1645 reret
237 1589 339 1656 Caesar,
361 1607 415 1662 quo
431 1588 486 1645 loeo
503 1587 645 1645 multitudo
664 1595 733 1644 esset
745 1587 954 1656 Bellovacorum,

158 1665 264 1737 quodve
272 1672 341 1720 esset
353 1664 493 1721 consilium
505 1679 606 1729 eorum,
626 1663 785 1729 inveniebat,
805 1662 958 1720 Bellovacos

158 1756 259 1805 omnes,
278 1738 484 1812 quiarmaierrc
492 1739 608 1812 possent,
626 1739 750 1793 inunum
761 1735 850 1793 locum
860 1755 959 1796 coure-

60 1843 67 1852 ·
158 1813 243 1884 nisse3
265 1813 548 1886 itemquadmbian053
569 1810 707 1878 Aulercos,
724 1811 840 1890 Caletos,
857 1811 959 1870 Vellio-

157 1905 253 1953 casses,
270 1888 406 1943 Atrebates
416 1887 503 1944 locum
512 1888 604 1944 castris
613 1885 756 1954 excelsum,
772 1887 801 1943 in
811 1886 888 1952 silva,
905 1887 960 1943 im-

157 1960 244 2032 pedite
253 1962 445 2018 circumdatum
458 1963 563 2034 palude,
578 1961 619 2019 del
655 1961 719 2033 isse;
739 1961 828 2017 omnia
844 1962 960 2034 impedi·
1035 2022 1036 2025 Ἴ

105 2069 108 2074 ·
158 2041 245 2088 menta
260 2035 287 2089 in
302 2035 438 2092 ulteriores
458 2037 539 2093 silvas
557 2045 636 2093 contu
647 2037 714 2105 isso;
735 2035 885 2109 complures
898 2053 960 2091 esse

157 2107 289 2179 principes
298 2109 361 2164 balli
371 2118 497 2176 auctores,
508 2111 555 2166 sed
563 2108 760 2167 multitudinem
771 2110 961 2173 maximeCor-
1035 2106 1036 2125 ¹

158 2199 202 2237 reo
211 2181 398 2254 obtemperare,
418 2185 491 2257 quod
505 2186 531 2240 ei
543 2193 650 2241 summo
663 2203 720 2240 esse
728 2185 789 2241 odio
801 2201 898 2240 nomeu
908 2203 962 2257 po-

157 2255 215 2329 puli
225 2257 336 2313 Romani
351 2258 555 2328 intellexissent3
576 2261 668 2332 paucis
682 2255 851 2316 ante'diebua
865 2277 900 2316 ex
914 2261 962 2316 his

158 2333 251 2388 castris
260 2332 408 2390 Atrebatem
419 2334 570 2390 Commium
581 2335 733 2390 discessisse
744 2334 777 2389 ad
786 2333 963 2390 auxiliaGer·

159 2425 299 2463 manorum
310 2407 471 2474 adducenda,
492 2424 607 2481 quotum
621 2415 648 2463 et
660 2409 781 2465 vicinitas
794 2409 960 2482 propinqua,

159 2489 184 2536 et
193 2481 335 2540 multitudo
343 2483 538 2539 essetinimite:
558 2483 725 2538 constituisse
741 2490 828 2538 autem
837 2482 965 2538 Bellova-

159 2573 212 2621 cos,
225 2559 347 2614 omnium
359 2553 509 2631 principum
519 2573 660 2623 consensu,
672 2575 777 2612 summa
786 2557 872 2629 plebis
882 2558 965 2629 cupi-

159 2629 247 2696 ditate,
269 2633 291 2686 si
306 2632 496 2708 (utdioebatur)
514 2633 609 2689 Caesar
623 2647 685 2686 oum
702 2632 787 2687 tribus
806 2631 963 2706 legionibus
