2072 2998
330 158 405 204 Liri.
418 157 452 204 V.
479 159 561 206 CAP.
574 159 624 206 24:
818 156 868 210 405

75 265 225 330 tempestato
248 256 413 328 deperierant
434 275 527 323 naves,
550 258 656 314 duobus
680 259 867 318 commeatibus

73 335 217 390 exercitum
225 338 359 402 reportare
368 331 486 387 instituit.
502 335 540 388 Ac
548 333 587 388 sic
595 331 696 398 accidit,
707 333 745 388 uti
754 351 788 388 ar
797 342 868 391 tanto

74 409 180 464 navium
193 423 315 471 numero,
327 412 365 460 tot
373 406 594 478 navigationibus,
610 407 762 479 uequchoc,
783 425 868 479 neque

71 483 208 556 superiore
217 497 297 545 anno,
309 479 577 548 ullaomniuonevis,
593 499 661 554 queo
669 481 767 536 milites
781 492 868 553 porta-

70 567 117 624 ret,
128 555 339 612 desideraretur:
360 562 387 609 at
397 555 480 618 exiis,
495 574 563 628 quaa
575 557 667 612 inanes
680 574 713 612 cx
726 557 867 612 continenti

69 634 177 688 adeum
189 631 394 692 remitterentur.
405 629 499 700 prioris
507 639 668 686 commeatus
675 631 802 704 expositis
816 633 868 686 mi-

72 707 173 771 litibus,
188 713 215 759 et
223 722 292 776 quas
301 704 527 776 postcaLabienus
535 705 664 761 faciendas
673 715 808 762 curaverat
816 724 868 762 nu·

73 799 144 836 urere
161 779 226 844 LX,
249 795 396 850 perpaucae
413 778 499 834 locum
516 788 648 852 cepereut;
678 781 794 854 reliquae
815 780 867 838 lere

70 873 165 913 ‹rmnes
173 855 353 910 reiicerentur.
368 851 439 920 Quas
449 871 533 926 quum
542 854 704 928 aliquamdiu
710 855 804 912 Cacsar
810 856 867 912 fru-

68 940 124 987 stra
133 935 320 1002 exspectasset,
337 945 370 982 nc
379 928 442 982 anni
451 931 763 1004 temporeanavigatione
776 930 866 988 exclu-

68 1007 187 1069 deretur,
208 1002 281 1074 quod
290 1002 484 1074 aequinoctium
494 1004 607 1070 suberat,
624 1006 768 1064 necessario
781 1023 889 1080 augum
993 1025 998 1032 ·

68 1082 140 1136 stius
149 1075 249 1133 milites
257 1076 392 1132 collocavit
402 1094 441 1144 ac,
459 1095 564 1134 summa
579 1080 764 1152 tranquillitate
776 1098 866 1138 conse·

34 1189 39 1198 ·
68 1163 141 1220 outa,
156 1151 347 1208 secundainita
359 1169 446 1222 quum
459 1152 579 1209 solvisset
590 1154 690 1228 vigilia,
709 1156 796 1228 prima
809 1155 866 1212 luce

72 1239 170 1286 terram
178 1227 272 1302 adtigit
280 1243 428 1298 omnesque
435 1226 578 1284 incolumes
588 1247 667 1284 navas
676 1231 807 1302 perduxit.

129 1303 228 1358 XXIV.
251 1301 396 1358 Subductis
414 1302 526 1357 navibus
547 1304 708 1376 concilioque
730 1304 866 1360 Gallorum

73 1377 270 1434 Samarobrivae
279 1383 392 1448 peracto,
404 1376 475 1448 quod
483 1395 513 1432 eo
522 1395 591 1433 anno
600 1377 761 1434 frumentum
770 1379 867 1434 inGat·

75 1452 112 1508 lia
124 1459 225 1524 propter
234 1452 365 1506 siccitates
379 1451 518 1524 angustius
530 1461 691 1523 provenerat,
711 1462 814 1507 coactus
828 1462 868 1507 est

15 1555 17 1562 ⁴
70 1527 158 1592 aliter,
168 1544 198 1582 ac
208 1525 391 1598 superioribus
401 1527 487 1592 anuis,
497 1527 639 1582 exercitum
650 1527 677 1580 iu
687 1526 804 1582 bibernis
812 1527 867 1582 col-

69 1603 157 1658 locare
163 1599 332 1674 legionesque
339 1599 368 1654 in
375 1599 463 1671 plures
470 1601 587 1657 civitates
593 1600 755 1654 distribuere:
767 1602 867 1672 exqui-

70 1679 123 1734 bus
132 1694 215 1732 uuam
224 1677 252 1732 in
261 1675 380 1732 Morinos
389 1674 534 1732 ducendam
549 1675 580 1732 C.
590 1675 672 1730 Fabio
684 1674 767 1748 legato
781 1674 864 1746 dedit;

70 1752 180 1808 alteram
198 1751 226 1806 in
243 1750 356 1806 Nervios
370 1749 544 1822 opimone
564 1751 666 1804 tertiam
681 1749 708 1804 iu
721 1749 820 1804 Essuos
834 1751 865 1805 L.

71 1827 178 1894 Roscio;
199 1833 321 1898 quartam
331 1822 360 1878 in
370 1824 459 1878 Remis
468 1841 530 1880 cunr
544 1826 574 1880 T.
585 1825 700 1880 Labieno
713 1825 740 1880 in
753 1824 866 1881 confinio

69 1901 238 1957 Trevirorum
257 1901 377 1956 hiemare
395 1898 485 1968 iussit,
505 1907 557 1954 tres
579 1900 605 1954 in
616 1899 704 1973 Belgio
717 1899 863 1956 collocavit:

70 1976 113 2032 his
123 1976 161 2032 Μ.
171 1976 308 2036 Crassum,
319 1981 495 2045 quaestorem,
507 1983 532 2029 et
540 1975 570 2029 L.
582 1975 729 2030 Munatium
739 1973 865 2032 Plancum

68 2059 96 2108 et
108 2049 322 2114 C.Trebonium,
344 2047 451 2120 legatos,
472 2048 599 2119 praefecit.
623 2049 706 2106 Unam
725 2049 864 2124 legionem,

69 2143 152 2198 quam
165 2126 288 2197 proxime
301 2130 378 2178 trans
389 2121 490 2176 Padum
503 2124 696 2196 conscripserat,
712 2133 737 2180 et
749 2125 866 2180 cohortes

68 2200 189 2272 quinque
198 2201 225 2255 in
238 2199 390 2261 Eburones,
413 2213 526 2268 quorum
540 2216 600 2270 pars
614 2201 729 2255 maxima
742 2207 781 2254 cst
799 2200 867 2254 inter

67 2275 169 2330 Mosam
178 2293 209 2331 ac
217 2274 354 2338 Rhenum,
372 2271 420 2342 qui
429 2271 480 2326 sub
490 2273 599 2344 imperio
607 2273 767 2346 Ambiorigis
779 2281 804 2326 et
818 2272 869 2327 Ca-

70 2349 249 2413 tivolcierant,
262 2347 348 2402 misit.
369 2345 867 2414 liismilitibusQ.TituriumSabinum

67 2433 94 2480 et
110 2425 142 2480 t.
155 2421 373 2481 Aurunculeium
387 2419 496 2486 Cottam,
517 2421 623 2496 legatos,
643 2437 761 2494 praeesse
778 2418 865 2474 iussit.

70 2499 110 2554 Ad
121 2500 194 2558 hunc
206 2497 322 2572 modum
335 2495 483 2550 distributis
497 2495 655 2570 legionibus,
675 2492 797 2550 facillime
810 2493 868 2548 iuo-

70 2575 125 2646 piee
138 2572 329 2630 frumentariae
338 2587 396 2624 sese
405 2569 501 2625 mederi
511 2588 588 2642 posse
596 2565 769 2624 existimavit:
790 2575 869 2637 atque

71 2647 163 2706 tuarum
172 2657 264 2706 tamen
274 2645 398 2701 omnium
409 2643 542 2718 emaum
555 2644 666 2702 hiberin
679 2639 786 2710 (practer
799 2655 867 2703 eam,
