2064 2996
169 154 201 207 32
367 159 418 204 ΒΕ
440 157 565 203 BELLO
590 155 759 202 Gennlco

113 289 121 306 ν
167 275 212 314 eos
221 257 255 312 ab
264 274 292 312 se
301 273 349 328 per
362 255 442 312 fidem
456 257 484 310 in
497 236 627 327 colloquio
639 256 840 311 circumventos.
861 258 975 316 Postea-

167 349 249 405 quam
259 332 287 386 in
296 331 395 406 vulgus
403 329 519 386 militum
528 329 626 385 elatum
636 337 683 394 est,
703 347 757 402 qua
770 329 925 404 adrogantia
942 337 973 392 in

72 471 75 476 ,
167 406 298 479 colloquio
310 407 458 461 Ariovistus
471 422 538 460 usus
551 404 624 459 omni
643 403 729 459 Gallia
741 405 866 460 Romanis
883 407 974 464 inter-

166 480 292 547 dixisset,
315 481 496 552 impetumque
520 480 549 534 in
569 486 672 534 nostres
692 479 750 533 eius
767 480 870 551 equites
888 481 973 538 iecis-

167 564 317 628 sentesque
327 572 367 610 res
380 553 541 626 colloquium
552 561 583 609 ut
597 553 759 609 diremisset:
780 553 865 609 multo
881 557 973 613 maior

167 630 286 687 alacritas
304 629 475 702 studiumque
492 628 630 704 pugnandi
651 627 738 683 maius
758 629 874 685 exercitu
897 631 971 688 inie-

165 713 239 762 ctum
251 711 299 759 est.

221 777 326 835 XLVII.
345 775 429 832 Biduo
437 784 497 849 pest
505 777 654 832 Ariovistus
668 776 701 832 ad
712 776 849 833 Caesarem
863 776 968 852 legatos

166 853 254 918 mittit,
267 851 333 908 velie
342 868 372 906 se
379 851 412 906 de
424 851 466 906 his
476 852 565 918 rebus,
582 869 651 925 quae
660 852 727 907 inter
738 869 782 908 aes
795 853 966 926 egioeeptae,

166 943 252 1000 neque
260 925 387 1000 perfectae
399 934 495 994 essent,
517 943 594 1001 agere
605 944 667 982 eum
680 944 724 982 en:
745 927 784 982 uti
802 933 848 981 aut
866 927 967 987 itsrum

166 1000 295 1074 colloquio
304 1000 375 1055 diem
383 1001 563 1071 constitueram
584 1009 638 1068 aut,
654 1002 677 1057 si
686 1002 714 1056 id
726 1002 816 1056 minus
825 1001 914 1070 veliet,
929 1022 967 1062 ex

166 1077 223 1132 suis
233 1076 325 1150 legatia
334 1075 450 1148 aliquem
459 1075 660 1132 adeemittaret
680 1075 966 1149 colloquendicmsari

165 1167 259 1207 caussa
270 1151 328 1207 visa
338 1167 391 1206 non
400 1158 447 1216 est,
469 1158 495 1206 et
505 1168 537 1206 eo
548 1151 643 1225 magis,
662 1150 736 1222 quod
744 1150 829 1223 pridie
839 1151 898 1208 eius
909 1153 966 1212 diei

166 1225 291 1282 Germani
301 1225 406 1281 retineri
415 1241 468 1281 non
475 1233 602 1298 poterant,
610 1224 677 1297 quin
688 1225 716 1280 in
726 1234 828 1280 nostms
839 1225 890 1281 tela
899 1243 966 1284 uon-

166 1301 282 1362 iioerent.
296 1301 425 1374 Legatum
437 1317 471 1356 ex
485 1300 543 1356 suis
556 1313 614 1355 sese
626 1317 793 1373 magnetum
802 1301 921 1371 periculo
929 1304 965 1359 ad

165 1392 227 1432 eum
237 1375 394 1441 missurum,
409 1382 435 1430 et
447 1375 601 1431 hominibus
610 1373 854 1438 ierisobiecturum,
869 1379 966 1434 existi-

166 1449 263 1506 mabat.
284 1449 633 1506 Commodissimumvisum
647 1457 695 1516 est,
710 1449 738 1506 C.
750 1449 884 1506 Valerium
900 1454 965 1508 Prn-

165 1524 267 1591 tiilum,
278 1524 307 1581 C.
317 1523 413 1584 Valerii
425 1525 523 1582 Caburi
533 1525 630 1592 silium,
644 1542 750 1580 summa
761 1525 858 1580 virtute
870 1533 897 1580 et
910 1527 964 1582 hu-

165 1601 289 1656 manitate
298 1599 495 1667 adolescentem,
510 1599 596 1673 (cuius
604 1607 704 1672 patera
717 1599 745 1654 C.
757 1597 859 1655 Valerio
869 1599 964 1657 Flaceo
1016 1603 1023 1616 “

164 1672 963 1749 eivitstedenatuserat)etpmpterfidemetpropterlinguae
1021 1681 1023 1750 j

165 1748 279 1806 Gallicae
288 1750 432 1815 seientiam,
442 1765 496 1822 qua
505 1749 588 1804 multa
598 1746 803 1806 iamdrinvistus
814 1748 963 1822 longinqua

163 1823 353 1880 eonsuetudine
363 1825 493 1888 utebatur,
509 1829 534 1876 et
543 1821 615 1894 quod
625 1823 652 1876 in
667 1838 698 1876 eo
711 1823 834 1894 peeeandi
849 1823 963 1900 Gemnp·
1021 1873 1022 1876 ,

165 1897 308 1953 niseaussa
323 1914 375 1952 non
389 1904 470 1959 esset,
492 1896 527 1951 ad
539 1912 601 1951 eum
615 1897 725 1963 mittere,
745 1905 770 1951 et
782 1899 817 1952 M.
827 1899 960 1964 Mettium,

164 1971 211 2042 qui
221 1970 334 2040 hospitio
343 1970 466 2026 Ariovisti
476 1987 542 2026 usus
552 1978 615 2026 erat.
628 1971 674 2026 His
685 1971 827 2036 mandavit,
840 1981 878 2038 ut,
890 1991 963 2046 quae

163 2043 873 2119 dioeretAriovistus,oagnesearentetadsereferrem.
887 2047 962 2116 Quos
1020 2059 1021 2062 ’

163 2135 249 2191 quum
259 2117 329 2190 apud
339 2135 368 2174 se
378 2119 407 2175 in
416 2120 508 2175 eastris
516 2120 665 2176 Ariovistus
676 2121 864 2193 conspexisset,
884 2140 961 2178 exer-

163 2194 217 2248 nitu
226 2209 276 2248 suo
284 2203 428 2265 praesente,
443 2193 628 2252 nenniamavit:
651 2197 770 2262 Qutd'ad
782 2215 809 2251 se
824 2197 961 2253 venirent?
1020 2191 1021 2214 ³

163 2271 204 2324 Aa
212 2272 364 2338 speculanda·
377 2267 489 2326 casem?
508 2269 633 2326 Cenantis
645 2270 731 2327 dieere
743 2271 878 2344 prohibuit
892 2281 918 2328 et
932 2274 960 2328 in

162 2351 266 2400 munau
275 2343 392 2400 coniecit.

217 2419 335 2490 xtvm.
358 2417 458 2474 Eodem
478 2417 522 2475 die
537 2427 621 2476 cestra
640 2420 772 2492 promovit
789 2428 815 2475 et
838 2419 960 2477 millibus

54 2515 58 2522 ·
163 2511 291 2566 passuum
301 2493 758 2551 sexnCaesarisoestrissubmonte
767 2494 891 2550 eomedit.
910 2497 962 2552 Po·

39 2631 55 2651 l„
162 2568 320 2624 stridie'eius
329 2568 381 2624 diei
391 2578 493 2642 praeter
501 2569 865 2639 eastraCuesarissuasoopias
874 2577 961 2626 trans-

162 2644 240 2702 duxit
253 2651 279 2702 et
299 2643 418 2702 millibus
435 2661 565 2720 passuum
583 2643 688 2702 duobus
705 2643 772 2700 ultra
791 2659 851 2698 eum
874 2653 959 2702 eastra
