2044 2992
204 152 254 208 lto
402 153 435 200 n.
455 150 584 200 amun
600 145 652 194 nu
670 147 794 194 nanno

205 260 295 330 ltaque
313 253 452 310 transdidit
469 249 743 307 eoseenturioninus:
767 255 793 303 et
813 249 934 324 singulis
951 221 1001 312 noni

204 329 320 404 ¹amplius
333 329 452 402 singulos
466 326 567 382 additos
575 340 665 380 servos
679 324 708 378 in
722 324 815 379 navim
829 325 1001 396 imponente*

206 407 346 480 separatim
354 404 464 458 curavit.
1000 395 1001 426 l

262 482 316 539 LV.
345 477 448 534 Gaetuli
466 473 570 530 interim
588 471 726 546 perdigne,
745 487 816 544 quos
830 489 898 528 eum
917 473 991 527 litteris

201 552 532 627 -mandatisqueaCaasare
540 547 1001 618 mismssupradoeuimus,·adsu0÷³

208 634 279 689 eiras
292 629 461 704 perveniunt3
491 639 605 696 quorum
622 622 773 676 anatome
790 619 872 677 faule
892 623 1001 678 adducti

210 706 380 776 Caesarisque
394 702 498 756 nomine
511 697 638 771 persuasi,
658 713 673 750 a
692 713 754 769 rega
773 696 842 751 Iuba
858 697 993 752 dasoiseur:

209 783 377 850 celeriterque
386 775 472 831 euuoti
482 791 556 830 arura
567 773 685 843 capiunt,
705 779 852 842 conuuque
865 771 992 848 regemla-

203 872 267 912 -aere
285 850 474 910 nonduhitant.
503 848 607 916 Quibus
619 846 698 900 rebus
713 846 837 918 oognitis,
857 848 938 912 lube,
955 847 992 900 dis

210 940 297 985 tantm
316 925 411 998 tripliui
429 923 508 989 bello,
528 921 872 992 messiumque-maetas,
905 921 990 976 desub

210 1004 302 1076 oopus,
321 1017 389 1073 quas
402 1006 491 1054 eontra
500 997 636 1054 Caesarem
648 995 803 1059 adduxerat,
827 1009 880 1051 sex
894 997 991 1051 noberta

211 1081 239 1134 in
254 1078 319 1208 ⁶:1ae
332 1075 407 1150 regni
420 1074 463 1129 sui
476 1073 572 1137 mittit·
587 1085 655 1144 quae
671 1077 759 1126 ment
772 1071 913 1142 praesidio
924 1079 992 1126 oontn

205 1155 277 1210 dae
305 1169 344 1207 os.
585 1168 589 1176 ¹
736 1161 739 1168 ’

266 1229 330 1284 Llll.
350 1226 453 1288 Caesar,
469 1222 583 1279 brachiis
596 1219 716 1292 perfertis
729 1219 919 1292 promotisque
927 1234 993 1289 usque

208 1321 250 1368 eo,
261 1319 315 1376 quo
323 1301 405 1358 telum
414 1317 447 1355 ex
455 1298 551 1371 oppido
560 1297 637 1351 adiici
648 1311 700 1350 non
710 1302 906 1366 possetaastra
914 1295 992 1349 munit:

210 1379 316 1436 *balistis
326 1375 560 1448 scorpionibusque
568 1371 731 1426 orebrisante
741 1368 856 1424 frontem
862 1379 994 1425 oasuomu

214 1463 355 1526 contraque
363 1449 489 1524 oppidum
498 1443 791 1509 uolloeatis,dolausores
801 1445 877 1499 muri
884 1445 994 1500 deerrru

214 1549 268 1586 non
278 1527 436 1584 intermittit:
456 1539 540 1596 eoque
552 1521 673 1594 quinqua
686 1518 802 1592 legiones
814 1535 852 1574 ex
866 1519 995 1592 superiori

214 1604 366 1661 busoastris
378 1599 498 1656 deducit.
529 1596 586 1664 Qua
603 1594 723 1650 facultate
735 1593 832 1659 oblata,
854 1594 995 1650 illustriora

215 1679 398 1750 notissimique
407 1679 574 1746 oonspeotum
587 1671 732 1726 'umioorum
741 1669 996 1741 propinquorumqu:¹

209 1754 392 1829 -ullagiubant
406 1758 484 1821 atque
497 1747 566 1802 iuter
579 1763 608 1800 se
621 1743 846 1815 oolloquebantur.
876 1744 953 1812 Quae
971 1763 996 1796 re

216 1831 283 1904 quid
291 1827 412 1885 utilitatis
419 1825 533 1888 haberet,
544 1822 680 1878 Caesarum
690 1817 869 1874 noniallebat.
892 1822 996 1889 Namque

217 1904 321 1962 Gaetuli
329 1917 363 1958 ex
372 1901 489 1973 equitatu
498 1898 570 1971 regio
579 1895 728 1956 nobiliores,
750 1894 932 1968 equitumque
941 1911 996 1966 prae

216 1980 283 2043 loeti,
304 1993 418 2050 quorum
435 1983 520 2047 putres
529 1987 591 2028 oum
600 1969 681 2026 lilerio
689 1975 749 2023 anto
758 1980 925 2036 meruerant,
945 1972 997 2023 eim

217 2071 269 2126 que
277 2051 480 2124 benefieioagris
491 2048 642 2118 finibusque
651 2043 747 2108 donati,
760 2050 821 2113 post
830 2043 927 2100 Sullae
937 2045 997 2098 virb

218 2131 285 2184 mam
303 2127 355 2181 suh
364 2123 521 2195 Hiempsalis
531 2122 600 2195 ragis
619 2126 691 2175 arant
708 2125 836 2190 potestate
855 2119 923 2184 dati,
944 2135 998 2174 ouo·

219 2205 292 2260 sione
300 2208 381 2272 eapte,
397 2206 479 2263 nocte,
496 2199 549 2252 iam
559 2195 706 2251 luminibus
716 2192 843 2257 aooansiS,
862 2211 928 2248 eum
941 2193 998 2264 equi

217 2276 407 2348 calonibusque
421 2275 477 2328 suis
492 2272 593 2327 oiroiter
604 2269 679 2326 mille
686 2265 843 2340 perfugiunt
857 2267 1001 2325 incesseris

218 2363 313 2419 eastra,
335 2367 403 2424 quae
425 2347 544 2404 arentin
563 2361 656 2416 eampo
673 2341 794 2415 pmxime
817 2341 910 2398 locum
929 2343 1001 2400 liuius

219 2429 307 2484 loouta.

272 2501 351 2557 LVII.
371 2497 447 2565 Quod
454 2502 595 2568 postquam
605 2492 701 2563 Scipio,
708 2490 810 2562 quique
819 2501 1001 2548 crumenarum

217 2584 403 2648 cognoverunt,
416 2587 498 2644 quum
509 2567 631 2623 commoti
641 2583 674 2621 ex
682 2565 728 2620 tali
738 2565 910 2620 incommodo
919 2575 1001 2622 essert,

218 2649 326 2722 fereper
335 2647 364 2704 id
377 2655 481 2718 tempus
491 2645 525 2700 ll.
535 2641 683 2714 Aquinium
693 2653 754 2695 eum
765 2637 796 2694 C.
809 2639 925 2697 Saserna
938 2640 1001 2694 collo
