2072 2998
176 153 227 210 aso
401 157 595 205 nanneno
620 147 735 206 civim

176 258 269 314 mitius
279 265 357 330 atque
369 257 396 312 io
407 255 542 328 publicum
552 257 713 328 deprauerat,
728 255 846 312 adlatum
856 258 893 313 ad
903 277 930 314 se
938 259 971 314 ab

177 331 328 389 duumviris
338 331 552 396 Corfiniensibus,
563 331 674 386 Domitio
684 329 775 396 reddit,
790 335 970 390 nacontinen·

177 409 227 464 tior
235 408 265 463 in
273 407 326 462 vita
336 406 483 471 hominum,
495 421 576 477 quom
586 405 613 460 in
621 404 830 477 pecunia,iuissa
838 405 967 478 videatne

178 483 228 538 atsi
236 498 293 538 eam
303 481 440 552 manum
452 480 585 552 publicam
599 497 656 534 essa
667 480 811 546 constabat,
828 479 969 554 datamque

177 558 325 629 aPompeic
334 556 362 610 in
371 554 541 626 stipendium.
554 554 814 609 MilitesDomitianoe
820 571 970 612 sacmmen·

177 641 237 688 tum
246 631 317 702 apud
325 647 354 684 se
362 629 448 684 dicere
456 628 529 683 iubet
537 636 615 700 atquc
624 645 654 683 eo
663 628 706 684 dio
717 635 799 682 castra
814 639 914 697 movet,
930 631 970 686 iu·
1015 677 1016 686 ,

178 715 304 777 stumque
311 705 360 758 iter
368 704 478 768 conticit,
491 710 589 776 septem
598 703 706 758 omnino
714 702 771 758 dies
779 703 812 757 ad
823 703 969 760 Corfinium

178 781 363 842 commoratus,
373 786 454 848 otper
463 777 529 832 fines
537 777 753 843 Marrucinorum,
766 777 969 842 Frentanorum,
1017 831 1018 858 ,

178 854 350 917 Larinatium,
362 852 391 906 in
400 851 523 923 Apuliam
532 852 659 924 pervenit.

232 925 329 983 xxiv.
348 926 496 996 Pompeius.
508 927 542 981 iis
554 925 633 981 rebus
642 925 761 998 cognitis,
776 927 973 998 quaeerantad
1011 940 1019 962 ·¹

180 1001 325 1059 Corfinium
334 1009 429 1074 gestae,
441 1001 548 1055 Luceria
558 999 883 1072 pmsroisoiturCanusium
893 1011 973 1075 atquo

178 1073 429 1132 indeandisium.
449 1075 543 1147 Copias
555 1073 773 1148 undiqutomnes
786 1091 821 1130 ex
836 1077 916 1131 novis
931 1076 973 1131 di-

178 1149 531 1224 leotibusadsecogiiubet:
552 1165 651 1215 servos,
671 1156 788 1221 pastores
797 1157 883 1206 armat
893 1159 973 1224 atque

178 1227 222 1281 hia
235 1241 318 1297 equos
330 1223 468 1282 adtribuit:
489 1241 522 1279 ax
535 1223 569 1278 iis
583 1224 684 1278 circiter
696 1223 759 1279 CCC
773 1224 876 1295 equites
889 1225 973 1281 confi-

179 1302 222 1356 cit.
241 1300 272 1354 L..
282 1298 398 1354 Manlius
407 1307 507 1370 praetor
517 1297 653 1353 Athacum
663 1297 813 1354 cohortibus
822 1315 870 1354 sex
880 1301 972 1372 prosu-

178 1376 227 1450 git,
238 1374 353 1430 Rutilius
361 1374 454 1446 Lupus
463 1372 704 1445 practorTarracina
711 1389 773 1428 oum
782 1373 883 1430 tribus:
904 1391 973 1448 queo

180 1449 271 1524 procul
279 1449 425 1522 equitatum
437 1448 554 1506 Caesaris
564 1448 733 1520 conspicatae,
747 1447 790 1503 cui
800 1447 918 1519 procurat
926 1449 972 1505 Vi-

180 1526 242 1582 bius
252 1525 357 1587 Curius,
374 1524 461 1580 relicto
470 1532 593 1596 praetore,
609 1522 851 1596 signaadssun'um
861 1523 973 1580 mansia-

180 1608 330 1672 runtatque
342 1601 448 1656 adeum
461 1605 603 1654 transeunt
623 1599 689 1652 item
705 1595 815 1668 reliquis
832 1597 971 1654 itineribus

182 1675 323 1732 nonnullae
330 1675 447 1730 cohortes
456 1674 483 1728 in
498 1689 592 1746 agmen
607 1671 734 1736 Caesaris,
754 1671 822 1727 aliae
832 1671 861 1728 in
870 1674 972 1746 equites

182 1751 311 1806 incidunt.
331 1745 971 1818 Reduoituradeumdeprahensueexitinerch.

87 1863 93 1876 .
180 1825 293 1898 Magius,
320 1824 456 1887 Cremona,
482 1821 626 1895 praefectus
644 1819 748 1876 fabrum
771 1809 822 1877 Cn.
842 1821 969 1895 Pompeii,

181 1917 262 1971 quem
272 1899 366 1954 Caesar
375 1897 407 1953 ad
416 1915 477 1952 cum
491 1897 598 1952 remittit
610 1912 672 1951 cum
686 1894 829 1950 mandatis:
850 1903 973 1967 quostiam

182 1977 218 2026 ad
227 1978 256 2026 td
265 1981 362 2039 tempus
373 1976 485 2041 facultas
501 1975 659 2042 colloquendi
672 1987 723 2025 noo
735 1975 822 2040 soom,
847 1979 927 2042 atque
939 1975 974 2026 ort

180 2063 209 2100 aa
218 2046 385 2100 borram
393 2051 428 2099 att
436 2055 566 2110 vecturus,
577 2052 697 2101 interrasa
706 2047 862 2112 reipublicae
871 2053 897 2101 st
906 2061 974 2101 oom-

181 2123 267 2174 mrmie
284 2122 389 2182 mutis,
400 2135 436 2172 aa
453 2137 510 2174 oum
524 2121 641 2188 Pompeio
658 2122 783 2188 collocat·
809 2135 892 2188 rumis
914 2138 974 2175 vero

181 2195 349 2261 &ammonet
361 2195 435 2260 tonpo
447 2195 549 2248 itineris
561 2200 655 2262 spatio,
681 2207 757 2263 quom
769 2209 818 2261 par
835 2196 905 2249 altos
914 2213 975 2249 coo·

123 2269 125 2278 ’
182 2273 291 2326 ditiones
299 2272 426 2337 tuemur,
436 2269 470 2321 o'c
478 2271 503 2322 as·
511 2279 600 2323 aaron
611 2272 644 2323 da
658 2269 773 2323 omuibus
786 2271 976 2324 conditionibus

182 2349 224 2401 dia
270 2351 347 2398 tetur.

224 2361 323 2474 Qut.
337 2415 384 2472 itis
393 2414 461 2471 datis
470 2413 787 2477 mandatis,andisiurn
796 2413 975 2490 onmlegionr-

183 2494 235 2549 bus
253 2510 301 2548 sex
314 2490 441 2564 pervenit,
460 2489 589 2546 veteranis
606 2487 701 2554 oritus,
722 2487 840 2560 reliquis,
861 2507 930 2562 quas
942 2509 975 2547 ox

185 2583 253 2621 novo
266 2566 361 2621 dilectu
376 2563 518 2620 coniecerat
536 2570 614 2634 atquo
629 2562 657 2616 in
676 2562 768 2617 itinere
786 2561 973 2634 compleverat:

185 2641 344 2696 Domitianas
362 2639 433 2695 enim
447 2638 565 2695 cobortes
576 2636 696 2710 protinus
709 2651 724 2692 a
738 2635 852 2692 Corfinio
865 2637 894 2693 in
911 2637 976 2694 Sici·
