2072 2998
186 123 236 177 270
410 129 465 175 DE¹
483 125 608 174 BELLO
627 127 748 176 ctvm

241 227 312 284 LXI.
332 226 437 295 Quibus
453 227 532 284 rebus
548 227 690 300 perterritis
705 225 802 282 animis
821 225 1005 294 adpersario-
1021 261 1022 266 κ

188 319 258 368 rum,
280 303 383 368 Caesar,
404 319 437 357 ue
456 319 560 430 semper
577 319 674 375 megae
692 301 802 356 eimuitu
815 318 867 372 per
881 312 1003 376 pontem
1021 329 1022 374 p

188 377 321 452 equitatus
331 384 399 432 esset
408 376 500 431 mitten
519 393 561 442 us,
576 384 669 432 neotus
677 375 803 431 idoneum
812 375 923 445 iocum,
945 379 1002 436 ios·
1021 383 1022 432 t

152 488 154 495 ι
188 470 232 508 aas
241 452 340 524 pedum
352 452 458 526 triginti
469 451 497 506 in
507 449 831 523 latitudinemeompltues
844 449 942 508 faeere
958 453 1001 508 in-

188 528 282 592 stituit,
289 525 388 601 quihus
397 534 496 598 partem
506 524 623 598 aliquam
629 525 725 580 Siooris
735 532 864 582 everteret
872 527 999 582 vudum-

189 620 242 675 que
252 600 438 659 ineoflumine
446 597 567 656 eifioeret.
585 599 633 654 His
642 599 842 672 paeueeffeetis‚
856 619 995 676 magnum
1021 599 1022 632 ³

189 677 217 732 in
228 677 348 732 timorem
358 674 655 748 AfraniusPetreiusque
663 674 830 746 perveniunt,
838 677 995 731 neomnino

190 751 322 807 frumento
337 748 489 822 pabuloque
505 747 751 818 intereluderentur;
776 749 851 822 quod
870 749 994 822 multqm

191 826 285 882 Caesar
292 824 410 895 equitatu
421 823 532 879 valebat.
545 825 637 896 ltaque
644 823 806 880 eonstituunt
815 824 870 896 ipsi
880 825 917 880 iis
928 825 994 880 iocis

190 898 313 956 excedere
321 905 347 952 et
356 898 382 954 iu
392 897 556 954 Celtiberiam
566 897 667 954 beilum
675 897 824 954 transferre.
846 900 920 954 Huic
929 917 994 955 oon-

190 972 250 1028 silio
256 971 448 1046 suffragabatur
456 973 534 1028 etiam
544 972 590 1028 iiie
598 990 649 1039 res,
657 972 993 1046 quodexduobuseootrs-

106 1058 109 1064 ·
191 1046 237 1102 riis
255 1047 405 1120 generibus,
425 1063 494 1120 quae
512 1047 646 1120 superiore
663 1046 732 1103 bello
748 1064 811 1103 cum
825 1049 858 1103 L.
875 1049 991 1105 Sertorio
1021 1041 1022 1104 ἶ

190 1127 313 1178 steteram
325 1121 451 1185 civitates.
471 1121 554 1178 victos
570 1137 666 1178 nomen
679 1129 758 1195 atque
776 1122 925 1195 imperium
944 1123 991 1179 sb-

190 1195 273 1253 sentis
282 1197 423 1265 timebunt3
444 1213 512 1270 quae
525 1197 552 1252 in
563 1197 846 1262 miridunensem,
868 1198 988 1271 Pompeii

191 1269 296 1346 mugnis
315 1271 427 1327 adiectae
447 1271 581 1328 benefieiis
599 1287 661 1328 eum
679 1271 836 1346 diligebant:
867 1273 987 1330 Caesaris

190 1346 318 1404 antemio
332 1347 450 1402 barbaris
459 1355 513 1403 erat
524 1363 618 1402 nomen
627 1346 773 1402 obscurius.
794 1347 863 1402 Hino
875 1365 904 1403 m
958 1365 986 1402 os

99 1417 104 1429 “
191 1422 324 1496 equitatus
337 1422 486 1498 magosque
500 1421 600 1478 auxilia
615 1421 799 1492 exspectabant
811 1429 839 1477 et
850 1423 911 1477 suis
934 1423 985 1478 ocis
1021 1471 1022 1482 q

192 1497 293 1554 bellum
303 1498 331 1554 in
345 1497 460 1554 hiemem
473 1497 569 1554 duoere
576 1496 735 1570 cogitabunt.
759 1497 813 1551 iioo
824 1495 892 1552 inito
901 1498 985 1553 oonsi-

192 1572 236 1639 lio,
257 1580 310 1630 toto
321 1571 431 1630 flumine
449 1573 523 1628 ibero
535 1571 610 1627 nevis
625 1571 779 1644 conquirere
792 1577 817 1626 et
832 1569 983 1647 Ootogesam

192 1646 287 1704 adduci
305 1648 407 1704 iubent.
427 1647 458 1703 ld
475 1653 530 1704 eret
541 1645 669 1718 oppidum
682 1645 798 1718 positum
816 1645 851 1700 ud
869 1647 980 1708 Iberum.

192 1723 330 1796 milliaque
346 1740 501 1796 passuuma
516 1721 609 1778 eastris
625 1720 714 1775 eberat
730 1719 833 1796 viginti.
862 1719 905 1777 Ad
925 1738 982 1777 eum

192 1797 279 1855 iooum
290 1796 418 1863 fluminis,
431 1797 544 1856 navibus
554 1795 658 1861 iunctis,
669 1803 774 1868 pentem
785 1795 979 1868 imperrutfieri‚

192 1871 362 1945 legionesque
370 1871 437 1928 duas
446 1870 660 1929 flumenSioorim
669 1870 843 1927 amedaeum
850 1879 981 1944 cesosque

192 1947 319 2002 muniunt
327 1945 397 2003 vallo
405 1947 504 2018 pedum
512 1945 659 2004 duodecim.

247 2091 330 2148 LXII.
350 2092 450 2160 Quare
463 2112 510 2168 per
518 2095 692 2168 exploratores
700 2095 814 2169 eognits⁹
830 2110 933 2151 summo
944 2094 978 2148 ir-

193 2167 255 2224 bore
265 2165 381 2222 militum
390 2168 494 2236 (lemur,
508 2171 660 2226 continuato
668 2170 739 2228 diem
747 2177 978 2242 noetemqueopere

194 2243 222 2299 in
234 2240 344 2298 flumine
354 2241 503 2310 avertendo,
514 2244 568 2300 hue
579 2245 634 2301 iem
645 2245 789 2301 deduxerat
797 2259 863 2310 rem,
873 2243 977 2317 utequi-

194 2327 242 2384 tes,
262 2317 312 2374 etsi
329 2316 471 2376 difficulter
489 2326 568 2392 atque
584 2337 663 2406 aegre
675 2319 761 2406 fiebat,
780 2325 887 2392 possent
898 2326 975 2374 tamen

195 2402 273 2523 tus
284 2391 670 2540 :restituisse
678 2394 789 2534 stt
798 2399 976 2540 ttrite:

195 2542 286 2598 tudine
299 2561 393 2616 equae,
411 2552 469 2602 tum
483 2545 561 2600 etiam
575 2541 712 2612 rapiditate
724 2540 843 2598 fluminis
857 2541 888 2596 ad
900 2549 985 2597 trans-⁴

159 2653 161 2658 .
195 2614 315 2672 eundum
325 2617 523 2693 impedirentur.
543 2615 594 2674 Sed
603 2623 691 2684 tamen
705 2616 796 2674 eodem
809 2614 862 2672 iere
871 2622 975 2690 tempore
