2072 2998
296 115 367 197 n'rn.
380 151 403 197 1.
433 151 513 198 cra.
527 149 625 198 eaor.
805 149 851 203 tte

48 265 126 324 pons
136 247 166 303 in
175 245 250 304 Ibero
258 265 339 322 prope
349 249 454 306 effeetus
464 251 638 307 nunciabatur
646 259 671 308 et
683 251 710 308 in
719 247 799 308 Sioori
810 271 857 309 vu-

48 323 123 380 dum
133 323 321 394 reperiebatur.
841 341 857 396 ‘,

112 397 208 453 LXIII.
228 399 283 453 lam
292 399 488 474 verueomngis
497 398 536 454 illi
546 399 731 455 maturandum
743 401 791 454 iter
800 403 856 456 axi-

51 473 214 530 stimabant.
234 473 324 545 ltaque
331 473 435 529 duabus
445 474 619 531 auxiliaribus
632 473 783 530 cohortibus
794 475 857 530 ller-

51 549 106 604 dae
115 547 249 620 praesidio
258 547 362 614 relictis,
376 548 501 604 omnibus
510 549 593 622 oopiis
601 549 711 606 Sicorim
721 557 857 606 transeunt
896 591 901 601 .

52 631 80 680 et
94 639 163 678 cum
176 621 280 678 duabus
300 622 456 697 legionibus.
476 641 544 697 quus
563 625 743 698 superioribus
761 624 856 680 diebus

53 696 273 762 transduxerunt,
284 705 367 764 eastra
378 697 553 773 ooniungunt.
573 699 779 773 Relinquebatur
791 699 856 755 Cae-

53 773 113 828 sari
126 771 205 838 nihil,
221 773 273 828 nisi
288 773 326 829 uti
337 773 455 846 equitatu
464 791 559 848 agmen
569 774 778 832 adramariorum
788 773 857 830 male

55 847 169 902 haberet
178 854 338 920 etoarperet:
359 849 507 921 ponsenim
521 849 606 921 ipsius
619 866 746 924 magnum
761 849 856 904 oiroui-
952 913 955 918 Δ

55 930 118 977 tum
134 921 254 987 habebat,
275 931 305 978 ut
319 923 402 979 multo
415 924 534 980 breviore
547 925 638 982 itinero
652 924 690 980 illi
703 925 737 980 ad
749 925 856 980 lberum

56 996 198 1070 pervenire
218 1006 333 1070 possent.
353 998 463 1072 Equites
477 999 512 1054 ab
524 1015 556 1054 eo
568 999 643 1054 missi
658 998 756 1056 flumen
770 1008 856 1056 truns-

56 1078 124 1128 ennt
133 1079 166 1132 et.
179 1089 262 1144 quum
272 1072 306 1128 de
318 1073 392 1128 tertia
405 1071 497 1146 vigilia
509 1075 625 1128 Petreius
639 1081 717 1147 utque
731 1073 855 1130 Afranius

56 1155 143 1200 eastre
163 1148 315 1212 movissent,
336 1153 440 1219 repente
453 1163 511 1202 sese
523 1147 557 1202 ad
570 1149 745 1204 novissimum
760 1167 856 1224 agmen

25 1241 27 1250 ’
58 1220 203 1276 ostendunt
211 1230 245 1286 et,
257 1237 354 1294 magna
362 1220 807 1290 multitidineeireumiusa,morari
816 1231 857 1279 at·

58 1312 113 1370 que
123 1296 171 1350 iter
180 1296 306 1369 impedire
314 1294 451 1367 inoipiunt

116 1371 210 1427 lxlv.
230 1371 318 1426 Prima
331 1368 430 1424 bneeex
439 1368 619 1441 superioribus
629 1368 702 1436 lonis,
716 1372 858 1444 quaecun-

59 1443 129 1500 saris
138 1445 230 1500 eastris
239 1449 312 1498 amnt
322 1443 469 1505 noniunota.
483 1441 645 1508 narrabatur,
664 1444 795 1516 equitatus
809 1461 858 1501 no·

59 1520 109 1574 stri
123 1519 223 1591 proelio
236 1516 396 1573 novissimos
410 1516 515 1572 illorum
529 1517 613 1588 premi
631 1517 807 1584 veliementer,
828 1533 858 1573 ae

61 1608 266 1664 nonnumquam
275 1590 418 1646 subsistere
426 1599 572 1648 extremum
582 1607 676 1665 agmen
686 1599 765 1662 atque
778 1591 859 1647 inter-

61 1667 166 1736 rumpi:
188 1665 252 1720 alias
271 1664 362 1720 infarri
380 1665 456 1740 signa
469 1674 495 1720 et
507 1666 691 1720 universarum
710 1665 858 1721 nubentium

63 1743 166 1810 impetu
180 1746 282 1794 nostros
294 1738 417 1812 propelli3
442 1739 503 1796 dein
522 1757 616 1795 rursus
631 1755 770 1797 conversos
788 1740 859 1796 inse·

63 1813 123 1887 qui.
147 1813 218 1868 Totis
237 1831 300 1870 vero
312 1815 403 1870 eastris
416 1815 513 1871 militas
523 1814 643 1870 circulari
656 1821 682 1871 et
693 1814 789 1881 dolam
809 1815 859 1871 ho-
934 1878 938 1886 *
1030 1847 1031 1882 ;

64 1896 132 1946 stem
140 1892 173 1944 eir
182 1889 307 1945 manibus
314 1888 419 1956 dimitti,
427 1889 527 1947 bellum
537 1906 589 1946 non
599 1890 744 1946 necessario
752 1889 858 1966 longius

64 1964 139 2021 duni:
158 1965 322 2022 centuriones
331 1965 506 2040 tribunosque
513 1965 629 2021 militurn
638 1965 710 2022 adire
723 1972 801 2040 ntqne
808 1966 858 2024 ob-

64 2057 170 2104 semare.
193 2050 223 2097 ut
236 2059 284 2115 per
295 2058 339 2097 eos
354 2041 449 2098 Caesar
466 2041 560 2097 oertior
572 2039 651 2106 fieret,
673 2059 705 2096 ne
717 2043 802 2098 labore·
809 2059 857 2100 tuo

64 2121 858 2192 stupertealoporemttpnretoueeeeeeeeffloeeeatourlereea

66 2195 177 2245 transire
188 2196 288 2260 numere,
302 2210 355 2264 qtto
368 2197 534 2250 transductae
546 2201 610 2248 erret
623 2197 761 2262 equitatur.
785 2190 858 2260 Quo-
903 2242 907 2248 .

68 2254 126 2317 rulm
144 2265 229 2321 studio
246 2273 272 2321 at
286 2267 395 2322 vocibus
412 2267 541 2324 exolutus
559 2265 661 2332 Caesar,
681 2267 729 2322 atsi
748 2265 857 2320 timebat

67 2344 150 2392 mutae
159 2340 347 2412 magnitudinis
357 2341 460 2398 flumini
470 2342 613 2398 exereitum
625 2341 744 2400 oblinere.
760 2355 858 2394 nonnu-

68 2411 131 2467 dum
145 2419 230 2468 tamm
245 2422 323 2488 atque
338 2417 528 2489 experiendum
544 2415 651 2471 iudieet.
675 2416 712 2469 lta
751 2429 766 2468 a
783 2411 858 2466 infin·

68 2486 160 2542 mioree
169 2486 266 2542 milites
277 2505 310 2543 ex
322 2491 446 2546 omnibus
459 2491 585 2547 uenturiis
599 2488 679 2562 deligi
694 2487 721 2541 iu
756 2494 775 2549 t,
790 2499 858 2558 quo·

70 2577 126 2618 rum
148 2567 194 2617 nut
210 2561 315 2618 animus
333 2566 464 2620 nutrires
482 2563 639 2620 ridebantur
657 2561 787 2616 sustinere
804 2577 856 2616 non

70 2653 155 2712 posse:
176 2635 225 2694 hos
233 2653 296 2694 eum
306 2635 406 2714 legions
414 2657 467 2696 una
477 2636 706 2714 praesidieeastris
717 2633 855 2709 relinquit:
