<?xml version="1.0" encoding="UTF-8"?>
<!DOCTYPE html PUBLIC "-//W3C//DTD XHTML 1.0 Transitional//EN"
    "http://www.w3.org/TR/xhtml1/DTD/xhtml1-transitional.dtd">
<html xmlns="http://www.w3.org/1999/xhtml" xml:lang="en" lang="en">
 <head>
  <title>
</title>
<meta http-equiv="Content-Type" content="text/html;charset=utf-8" />
  <meta name='ocr-system' content='tesseract 3.04.00' />
  <meta name='ocr-capabilities' content='ocr_page ocr_carea ocr_par ocr_line ocrx_word'/>
</head>
<body>
  <div class='ocr_page' id='page_1' title='image "./ciuliicaesarisc04caesgoog_0199.png"; bbox 0 0 2072 2998; ppageno 0'>
   <div class='ocr_carea' id='block_1_1' title="bbox 54 895 964 971">
    <p class='ocr_par' dir='ltr' id='par_1_1' title="bbox 54 895 964 971">
     <span class='ocr_line' id='line_1_1' title="bbox 54 895 964 971; baseline 0.002 -22"><span class='ocrx_word' id='word_1_1' title='bbox 54 941 62 949; x_wconf 76' lang='lat'><strong>.</strong></span> <span class='ocrx_word' id='word_1_2' title='bbox 162 896 307 971; x_wconf 76' lang='lat' dir='ltr'><strong>longiuslil</strong></span> <span class='ocrx_word' id='word_1_3' title='bbox 315 896 440 969; x_wconf 87' lang='lat' dir='ltr'><strong>passibus</strong></span> <span class='ocrx_word' id='word_1_4' title='bbox 450 895 589 952; x_wconf 77' lang='lat' dir='ltr'><strong>abnostris</strong></span> <span class='ocrx_word' id='word_1_5' title='bbox 603 895 799 952; x_wconf 82' lang='lat' dir='ltr'><strong>munitionibus</strong></span> <span class='ocrx_word' id='word_1_6' title='bbox 812 897 964 952; x_wconf 87' lang='lat' dir='ltr'><strong>considunt.</strong></span> 
     </span>
    </p>
   </div>
   <div class='ocr_carea' id='block_1_2' title="bbox 164 113 759 184">
    <p class='ocr_par' dir='ltr' id='par_1_2' title="bbox 164 113 759 184">
     <span class='ocr_line' id='line_1_2' title="bbox 164 113 759 184; baseline -0.007 -10"><span class='ocrx_word' id='word_1_7' title='bbox 164 125 212 174; x_wconf 77' lang='lat' dir='ltr'><strong>aaa</strong></span> <span class='ocrx_word' id='word_1_8' title='bbox 306 121 326 184; x_wconf 6' lang='grc' dir='ltr'><strong>’χ</strong></span> <span class='ocrx_word' id='word_1_9' title='bbox 369 126 567 174; x_wconf 72' lang='lat' dir='ltr'><strong>nanneno</strong></span> <span class='ocrx_word' id='word_1_10' title='bbox 592 113 759 172; x_wconf 72' lang='lat' dir='ltr'><strong>oanirco</strong></span> 
     </span>
    </p>
   </div>
   <div class='ocr_carea' id='block_1_3' title="bbox 159 223 968 894">
    <p class='ocr_par' dir='ltr' id='par_1_3' title="bbox 159 223 968 598">
     <span class='ocr_line' id='line_1_3' title="bbox 162 223 967 300; baseline -0.001 -17"><span class='ocrx_word' id='word_1_11' title='bbox 162 228 247 294; x_wconf 82' lang='lat' dir='ltr'><strong>dubii,</strong></span> <span class='ocrx_word' id='word_1_12' title='bbox 269 227 381 300; x_wconf 85' lang='lat' dir='ltr'><strong>quises</strong></span> <span class='ocrx_word' id='word_1_13' title='bbox 400 225 498 297; x_wconf 89' lang='lat' dir='ltr'><strong>oppido</strong></span> <span class='ocrx_word' id='word_1_14' title='bbox 518 231 676 297; x_wconf 85' lang='lat' dir='ltr'><strong>receperant,</strong></span> <span class='ocrx_word' id='word_1_15' title='bbox 696 241 759 278; x_wconf 87' lang='lat' dir='ltr'><strong>curn</strong></span> <span class='ocrx_word' id='word_1_16' title='bbox 776 223 869 280; x_wconf 86' lang='lat' dir='ltr'><strong>liberis</strong></span> <span class='ocrx_word' id='word_1_17' title='bbox 890 234 967 299; x_wconf 85' lang='lat' dir='ltr'><strong>atqua</strong></span> 
     </span>
     <span class='ocr_line' id='line_1_4' title="bbox 161 298 968 374; baseline -0.002 -16"><span class='ocrx_word' id='word_1_18' title='bbox 161 302 292 358; x_wconf 80' lang='lat' dir='ltr'><strong>uxoribus</strong></span> <span class='ocrx_word' id='word_1_19' title='bbox 314 301 386 357; x_wconf 83' lang='lat' dir='ltr'><strong>exire</strong></span> <span class='ocrx_word' id='word_1_20' title='bbox 406 306 545 374; x_wconf 81' lang='lat' dir='ltr'><strong>eoguntur.</strong></span> <span class='ocrx_word' id='word_1_21' title='bbox 573 299 615 365; x_wconf 87' lang='lat' dir='ltr'><strong>lli,</strong></span> <span class='ocrx_word' id='word_1_22' title='bbox 639 315 725 371; x_wconf 89' lang='lat' dir='ltr'><strong>quum</strong></span> <span class='ocrx_word' id='word_1_23' title='bbox 743 298 781 353; x_wconf 84' lang='lat' dir='ltr'><strong>ad</strong></span> <span class='ocrx_word' id='word_1_24' title='bbox 802 301 968 356; x_wconf 81' lang='lat' dir='ltr'><strong>munitiones</strong></span> 
     </span>
     <span class='ocr_line' id='line_1_5' title="bbox 162 372 967 446; baseline -0.002 -12"><span class='ocrx_word' id='word_1_25' title='bbox 162 379 343 434; x_wconf 87' lang='lat' dir='ltr'><strong>Romanorum</strong></span> <span class='ocrx_word' id='word_1_26' title='bbox 366 373 550 440; x_wconf 80' lang='lat' dir='ltr'><strong>accessissent,</strong></span> <span class='ocrx_word' id='word_1_27' title='bbox 576 372 667 430; x_wconf 86' lang='lat' dir='ltr'><strong>flentes</strong></span> <span class='ocrx_word' id='word_1_28' title='bbox 693 374 821 428; x_wconf 80' lang='lat' dir='ltr'><strong>omnibus</strong></span> <span class='ocrx_word' id='word_1_29' title='bbox 842 377 967 446; x_wconf 86' lang='lat' dir='ltr'><strong>precibus</strong></span> 
     </span>
     <span class='ocr_line' id='line_1_6' title="bbox 159 448 964 520; baseline -0.007 -9"><span class='ocrx_word' id='word_1_30' title='bbox 159 453 281 520; x_wconf 81' lang='lat' dir='ltr'><strong>orabant,</strong></span> <span class='ocrx_word' id='word_1_31' title='bbox 301 457 382 516; x_wconf 81' lang='lat' dir='ltr'><strong>ntea,</strong></span> <span class='ocrx_word' id='word_1_32' title='bbox 403 449 432 504; x_wconf 91' lang='lat' dir='ltr'><strong>in</strong></span> <span class='ocrx_word' id='word_1_33' title='bbox 445 448 599 504; x_wconf 85' lang='lat' dir='ltr'><strong>servitutem</strong></span> <span class='ocrx_word' id='word_1_34' title='bbox 613 455 739 519; x_wconf 80' lang='lat' dir='ltr'><strong>receptes,</strong></span> <span class='ocrx_word' id='word_1_35' title='bbox 759 449 820 503; x_wconf 90' lang='lat' dir='ltr'><strong>cibo</strong></span> <span class='ocrx_word' id='word_1_36' title='bbox 833 450 964 508; x_wconf 85' lang='lat' dir='ltr'><strong>iuvarent.</strong></span> 
     </span>
     <span class='ocr_line' id='line_1_7' title="bbox 162 521 966 598; baseline -0.004 -16"><span class='ocrx_word' id='word_1_37' title='bbox 162 529 198 582; x_wconf 80' lang='lat' dir='ltr'><strong>m</strong></span> <span class='ocrx_word' id='word_1_38' title='bbox 212 527 315 592; x_wconf 79' lang='lat' dir='ltr'><strong>Caesar,</strong></span> <span class='ocrx_word' id='word_1_39' title='bbox 336 523 472 598; x_wconf 87' lang='lat' dir='ltr'><strong>dispositis</strong></span> <span class='ocrx_word' id='word_1_40' title='bbox 489 523 518 578; x_wconf 89' lang='lat' dir='ltr'><strong>in</strong></span> <span class='ocrx_word' id='word_1_41' title='bbox 531 521 601 578; x_wconf 86' lang='lat' dir='ltr'><strong>vallo</strong></span> <span class='ocrx_word' id='word_1_42' title='bbox 618 521 754 589; x_wconf 77' lang='lat' dir='ltr'><strong>melodiis,</strong></span> <span class='ocrx_word' id='word_1_43' title='bbox 774 524 858 596; x_wconf 80' lang='lat' dir='ltr'><strong>recipi</strong></span> <span class='ocrx_word' id='word_1_44' title='bbox 876 526 966 598; x_wconf 91' lang='lat' dir='ltr'><strong>prohi-</strong></span> 
     </span>
    </p>

    <p class='ocr_par' dir='ltr' id='par_1_4' title="bbox 162 669 966 894">
     <span class='ocr_line' id='line_1_8' title="bbox 218 669 964 748; baseline -0.001 -18"><span class='ocrx_word' id='word_1_45' title='bbox 218 675 343 730; x_wconf 89' lang='lat' dir='ltr'><strong>LXXIX.</strong></span> <span class='ocrx_word' id='word_1_46' title='bbox 363 669 465 729; x_wconf 78' lang='lat' dir='ltr'><strong>interea</strong></span> <span class='ocrx_word' id='word_1_47' title='bbox 475 670 613 728; x_wconf 88' lang='lat' dir='ltr'><strong>Commius</strong></span> <span class='ocrx_word' id='word_1_48' title='bbox 622 677 649 728; x_wconf 88' lang='lat' dir='ltr'><strong>et</strong></span> <span class='ocrx_word' id='word_1_49' title='bbox 657 669 754 742; x_wconf 80' lang='lat' dir='ltr'><strong>relirpri</strong></span> <span class='ocrx_word' id='word_1_50' title='bbox 762 671 853 739; x_wconf 81' lang='lat' dir='ltr'><strong>ducas,</strong></span> <span class='ocrx_word' id='word_1_51' title='bbox 866 674 964 748; x_wconf 79' lang='lat' dir='ltr'><strong>quibus</strong></span> 
     </span>
     <span class='ocr_line' id='line_1_9' title="bbox 163 747 966 820; baseline -0.004 -15"><span class='ocrx_word' id='word_1_52' title='bbox 163 766 271 805; x_wconf 85' lang='lat' dir='ltr'><strong>summa</strong></span> <span class='ocrx_word' id='word_1_53' title='bbox 279 747 384 820; x_wconf 89' lang='lat' dir='ltr'><strong>imperii</strong></span> <span class='ocrx_word' id='word_1_54' title='bbox 393 747 522 819; x_wconf 88' lang='lat' dir='ltr'><strong>permissa</strong></span> <span class='ocrx_word' id='word_1_55' title='bbox 530 753 594 812; x_wconf 82' lang='lat' dir='ltr'><strong>erat,</strong></span> <span class='ocrx_word' id='word_1_56' title='bbox 616 763 678 804; x_wconf 86' lang='lat' dir='ltr'><strong>oum</strong></span> <span class='ocrx_word' id='word_1_57' title='bbox 691 747 818 802; x_wconf 91' lang='lat' dir='ltr'><strong>omnibus</strong></span> <span class='ocrx_word' id='word_1_58' title='bbox 836 749 921 820; x_wconf 87' lang='lat' dir='ltr'><strong>copiis</strong></span> <span class='ocrx_word' id='word_1_59' title='bbox 933 748 966 804; x_wconf 89' lang='lat' dir='ltr'><strong>ad</strong></span> 
     </span>
     <span class='ocr_line' id='line_1_10' title="bbox 162 819 966 894; baseline -0.002 -14"><span class='ocrx_word' id='word_1_60' title='bbox 162 823 280 880; x_wconf 78' lang='lat' dir='ltr'><strong>Alesiam</strong></span> <span class='ocrx_word' id='word_1_61' title='bbox 293 823 451 894; x_wconf 88' lang='lat' dir='ltr'><strong>perveniunt</strong></span> <span class='ocrx_word' id='word_1_62' title='bbox 467 828 502 888; x_wconf 84' lang='lat' dir='ltr'><strong>et,</strong></span> <span class='ocrx_word' id='word_1_63' title='bbox 523 819 589 876; x_wconf 83' lang='lat' dir='ltr'><strong>colle</strong></span> <span class='ocrx_word' id='word_1_64' title='bbox 606 820 732 877; x_wconf 76' lang='lat' dir='ltr'><strong>exteriore</strong></span> <span class='ocrx_word' id='word_1_65' title='bbox 753 830 890 894; x_wconf 83' lang='lat' dir='ltr'><strong>occupato,</strong></span> <span class='ocrx_word' id='word_1_66' title='bbox 912 840 966 878; x_wconf 89' lang='lat' dir='ltr'><strong>non</strong></span> 
     </span>
    </p>
   </div>
   <div class='ocr_carea' id='block_1_4' title="bbox 105 969 972 2680">
    <p class='ocr_par' dir='ltr' id='par_1_5' title="bbox 105 969 966 1716">
     <span class='ocr_line' id='line_1_11' title="bbox 162 969 966 1044; baseline 0.002 -18"><span class='ocrx_word' id='word_1_67' title='bbox 162 973 270 1026; x_wconf 87' lang='lat' dir='ltr'><strong>Postero</strong></span> <span class='ocrx_word' id='word_1_68' title='bbox 278 969 321 1025; x_wconf 87' lang='lat' dir='ltr'><strong>die</strong></span> <span class='ocrx_word' id='word_1_69' title='bbox 330 971 449 1044; x_wconf 89' lang='lat' dir='ltr'><strong>equitatu</strong></span> <span class='ocrx_word' id='word_1_70' title='bbox 458 987 492 1026; x_wconf 84' lang='lat' dir='ltr'><strong>ex</strong></span> <span class='ocrx_word' id='word_1_71' title='bbox 501 971 593 1025; x_wconf 85' lang='lat' dir='ltr'><strong>castris</strong></span> <span class='ocrx_word' id='word_1_72' title='bbox 605 970 707 1037; x_wconf 85' lang='lat' dir='ltr'><strong>educto,</strong></span> <span class='ocrx_word' id='word_1_73' title='bbox 722 987 831 1025; x_wconf 86' lang='lat' dir='ltr'><strong>omnem</strong></span> <span class='ocrx_word' id='word_1_74' title='bbox 841 987 900 1026; x_wconf 87' lang='lat' dir='ltr'><strong>eam</strong></span> <span class='ocrx_word' id='word_1_75' title='bbox 928 971 966 1028; x_wconf 88' lang='lat' dir='ltr'><strong>la·</strong></span> 
     </span>
     <span class='ocr_line' id='line_1_12' title="bbox 162 1043 966 1118; baseline 0 -18"><span class='ocrx_word' id='word_1_76' title='bbox 162 1045 266 1109; x_wconf 84' lang='lat' dir='ltr'><strong>nitiem,</strong></span> <span class='ocrx_word' id='word_1_77' title='bbox 288 1061 370 1117; x_wconf 90' lang='lat' dir='ltr'><strong>quam</strong></span> <span class='ocrx_word' id='word_1_78' title='bbox 380 1044 408 1099; x_wconf 91' lang='lat' dir='ltr'><strong>in</strong></span> <span class='ocrx_word' id='word_1_79' title='bbox 422 1043 614 1118; x_wconf 77' lang='lat' dir='ltr'><strong>longitudinem</strong></span> <span class='ocrx_word' id='word_1_80' title='bbox 627 1046 663 1100; x_wconf 91' lang='lat' dir='ltr'><strong>lli</strong></span> <span class='ocrx_word' id='word_1_81' title='bbox 676 1043 761 1099; x_wconf 86' lang='lat' dir='ltr'><strong>miliia</strong></span> <span class='ocrx_word' id='word_1_82' title='bbox 773 1062 904 1116; x_wconf 76' lang='lat' dir='ltr'><strong>passuum</strong></span> <span class='ocrx_word' id='word_1_83' title='bbox 917 1055 966 1118; x_wconf 82' lang='lat' dir='ltr'><strong>&#39;pa-</strong></span> 
     </span>
     <span class='ocr_line' id='line_1_13' title="bbox 162 1117 965 1193; baseline 0.001 -19"><span class='ocrx_word' id='word_1_84' title='bbox 162 1129 217 1174; x_wconf 87' lang='lat' dir='ltr'><strong>tere</strong></span> <span class='ocrx_word' id='word_1_85' title='bbox 240 1117 494 1184; x_wconf 86' lang='lat' dir='ltr'><strong>demonstravimus,</strong></span> <span class='ocrx_word' id='word_1_86' title='bbox 517 1119 650 1191; x_wconf 84' lang='lat' dir='ltr'><strong>complent</strong></span> <span class='ocrx_word' id='word_1_87' title='bbox 669 1119 857 1193; x_wconf 72' lang='lat' dir='ltr'><strong>pedestresque</strong></span> <span class='ocrx_word' id='word_1_88' title='bbox 878 1122 965 1193; x_wconf 88' lang='lat' dir='ltr'><strong>copias</strong></span> 
     </span>
     <span class='ocr_line' id='line_1_14' title="bbox 162 1191 966 1266; baseline 0.004 -18"><span class='ocrx_word' id='word_1_89' title='bbox 162 1191 285 1266; x_wconf 89' lang='lat' dir='ltr'><strong>paullum</strong></span> <span class='ocrx_word' id='word_1_90' title='bbox 296 1193 330 1248; x_wconf 89' lang='lat' dir='ltr'><strong>ab</strong></span> <span class='ocrx_word' id='word_1_91' title='bbox 339 1193 435 1250; x_wconf 87' lang='lat' dir='ltr'><strong>eoloeo</strong></span> <span class='ocrx_word' id='word_1_92' title='bbox 445 1192 547 1248; x_wconf 84' lang='lat' dir='ltr'><strong>abditas</strong></span> <span class='ocrx_word' id='word_1_93' title='bbox 556 1193 585 1248; x_wconf 93' lang='lat' dir='ltr'><strong>in</strong></span> <span class='ocrx_word' id='word_1_94' title='bbox 595 1193 659 1249; x_wconf 90' lang='lat' dir='ltr'><strong>locis</strong></span> <span class='ocrx_word' id='word_1_95' title='bbox 671 1193 853 1266; x_wconf 87' lang='lat' dir='ltr'><strong>superioribus</strong></span> <span class='ocrx_word' id='word_1_96' title='bbox 868 1197 966 1251; x_wconf 54' lang='lat' dir='ltr'><strong>const</strong></span> 
     </span>
     <span class='ocr_line' id='line_1_15' title="bbox 105 1267 964 1342; baseline 0.005 -20"><span class='ocrx_word' id='word_1_97' title='bbox 105 1326 108 1332; x_wconf 67' lang='grc'>,</span> <span class='ocrx_word' id='word_1_98' title='bbox 162 1274 252 1322; x_wconf 88' lang='lat' dir='ltr'><strong>tuunt.</strong></span> <span class='ocrx_word' id='word_1_99' title='bbox 272 1268 336 1324; x_wconf 88' lang='lat' dir='ltr'><strong>Erat</strong></span> <span class='ocrx_word' id='word_1_100' title='bbox 352 1284 386 1322; x_wconf 88' lang='lat' dir='ltr'><strong>ex</strong></span> <span class='ocrx_word' id='word_1_101' title='bbox 404 1267 502 1340; x_wconf 90' lang='lat' dir='ltr'><strong>oppido</strong></span> <span class='ocrx_word' id='word_1_102' title='bbox 518 1267 606 1323; x_wconf 79' lang='lat' dir='ltr'><strong>Alesia</strong></span> <span class='ocrx_word' id='word_1_103' title='bbox 624 1268 763 1340; x_wconf 85' lang='lat' dir='ltr'><strong>despectus</strong></span> <span class='ocrx_word' id='word_1_104' title='bbox 781 1269 810 1324; x_wconf 91' lang='lat' dir='ltr'><strong>in</strong></span> <span class='ocrx_word' id='word_1_105' title='bbox 828 1287 964 1342; x_wconf 87' lang='lat' dir='ltr'><strong>campum.</strong></span> 
     </span>
     <span class='ocr_line' id='line_1_16' title="bbox 163 1341 965 1417; baseline 0.002 -19"><span class='ocrx_word' id='word_1_106' title='bbox 163 1342 343 1408; x_wconf 83' lang='lat' dir='ltr'><strong>Concurritur,</strong></span> <span class='ocrx_word' id='word_1_107' title='bbox 363 1341 409 1398; x_wconf 86' lang='lat' dir='ltr'><strong>his</strong></span> <span class='ocrx_word' id='word_1_108' title='bbox 422 1341 531 1398; x_wconf 83' lang='lat' dir='ltr'><strong>auxiliis</strong></span> <span class='ocrx_word' id='word_1_109' title='bbox 542 1341 623 1398; x_wconf 83' lang='lat' dir='ltr'><strong>visis:</strong></span> <span class='ocrx_word' id='word_1_110' title='bbox 645 1343 675 1398; x_wconf 86' lang='lat' dir='ltr'><strong>fit</strong></span> <span class='ocrx_word' id='word_1_111' title='bbox 685 1342 826 1417; x_wconf 77' lang='lat' dir='ltr'><strong>gratulatio</strong></span> <span class='ocrx_word' id='word_1_112' title='bbox 840 1345 909 1400; x_wconf 82' lang='lat' dir='ltr'><strong>inter</strong></span> <span class='ocrx_word' id='word_1_113' title='bbox 922 1363 965 1400; x_wconf 88' lang='lat' dir='ltr'><strong>eos</strong></span> 
     </span>
     <span class='ocr_line' id='line_1_17' title="bbox 163 1416 966 1492; baseline 0.001 -19"><span class='ocrx_word' id='word_1_114' title='bbox 163 1426 243 1490; x_wconf 85' lang='lat' dir='ltr'><strong>atqua</strong></span> <span class='ocrx_word' id='word_1_115' title='bbox 263 1417 385 1492; x_wconf 87' lang='lat' dir='ltr'><strong>omnium</strong></span> <span class='ocrx_word' id='word_1_116' title='bbox 403 1416 487 1473; x_wconf 89' lang='lat' dir='ltr'><strong>animi</strong></span> <span class='ocrx_word' id='word_1_117' title='bbox 500 1417 535 1472; x_wconf 87' lang='lat' dir='ltr'><strong>ad</strong></span> <span class='ocrx_word' id='word_1_118' title='bbox 549 1416 673 1473; x_wconf 82' lang='lat' dir='ltr'><strong>laetitiam</strong></span> <span class='ocrx_word' id='word_1_119' title='bbox 691 1417 845 1474; x_wconf 86' lang='lat' dir='ltr'><strong>excitantur.</strong></span> <span class='ocrx_word' id='word_1_120' title='bbox 875 1421 966 1492; x_wconf 88' lang='lat' dir='ltr'><strong>ltaque</strong></span> 
     </span>
     <span class='ocr_line' id='line_1_18' title="bbox 120 1491 965 1566; baseline 0 -18"><span class='ocrx_word' id='word_1_121' title='bbox 120 1495 125 1506; x_wconf 91' lang='grc'><strong>“</strong></span> <span class='ocrx_word' id='word_1_122' title='bbox 162 1493 298 1566; x_wconf 88' lang='lat' dir='ltr'><strong>productis</strong></span> <span class='ocrx_word' id='word_1_123' title='bbox 307 1493 390 1565; x_wconf 88' lang='lat' dir='ltr'><strong>copiis</strong></span> <span class='ocrx_word' id='word_1_124' title='bbox 402 1499 463 1548; x_wconf 86' lang='lat' dir='ltr'><strong>ante</strong></span> <span class='ocrx_word' id='word_1_125' title='bbox 475 1491 603 1566; x_wconf 90' lang='lat' dir='ltr'><strong>oppidum</strong></span> <span class='ocrx_word' id='word_1_126' title='bbox 622 1491 762 1551; x_wconf 78' lang='lat' dir='ltr'><strong>considunt</strong></span> <span class='ocrx_word' id='word_1_127' title='bbox 774 1500 799 1547; x_wconf 89' lang='lat' dir='ltr'><strong>et</strong></span> <span class='ocrx_word' id='word_1_128' title='bbox 814 1494 965 1565; x_wconf 84' lang='lat' dir='ltr'><strong>proximam</strong></span> 
     </span>
     <span class='ocr_line' id='line_1_19' title="bbox 163 1565 966 1641; baseline 0.001 -18"><span class='ocrx_word' id='word_1_129' title='bbox 163 1569 262 1624; x_wconf 88' lang='lat' dir='ltr'><strong>fossam</strong></span> <span class='ocrx_word' id='word_1_130' title='bbox 271 1567 388 1624; x_wconf 83' lang='lat' dir='ltr'><strong>cratibus</strong></span> <span class='ocrx_word' id='word_1_131' title='bbox 397 1567 519 1641; x_wconf 77' lang='lat' dir='ltr'><strong>integunt</strong></span> <span class='ocrx_word' id='word_1_132' title='bbox 528 1573 607 1639; x_wconf 88' lang='lat' dir='ltr'><strong>atquc</strong></span> <span class='ocrx_word' id='word_1_133' title='bbox 615 1583 710 1640; x_wconf 77' lang='lat' dir='ltr'><strong>aggere</strong></span> <span class='ocrx_word' id='word_1_134' title='bbox 718 1565 832 1639; x_wconf 79' lang='lat' dir='ltr'><strong>explent,</strong></span> <span class='ocrx_word' id='word_1_135' title='bbox 843 1585 927 1641; x_wconf 85' lang='lat' dir='ltr'><strong>seque</strong></span> <span class='ocrx_word' id='word_1_136' title='bbox 934 1569 966 1623; x_wconf 91' lang='lat' dir='ltr'><strong>ad</strong></span> 
     </span>
     <span class='ocr_line' id='line_1_20' title="bbox 164 1644 776 1716; baseline -0.003 -18"><span class='ocrx_word' id='word_1_137' title='bbox 164 1644 329 1716; x_wconf 86' lang='lat' dir='ltr'><strong>eruptionem</strong></span> <span class='ocrx_word' id='word_1_138' title='bbox 339 1649 519 1716; x_wconf 88' lang='lat' dir='ltr'><strong>atqueomnes</strong></span> <span class='ocrx_word' id='word_1_139' title='bbox 529 1658 606 1696; x_wconf 83' lang='lat' dir='ltr'><strong>casus</strong></span> <span class='ocrx_word' id='word_1_140' title='bbox 615 1648 776 1713; x_wconf 88' lang='lat' dir='ltr'><strong>comparant.</strong></span> 
     </span>
    </p>

    <p class='ocr_par' dir='ltr' id='par_1_6' title="bbox 164 1715 972 2680">
     <span class='ocr_line' id='line_1_21' title="bbox 219 1715 967 1788; baseline -0.001 -16"><span class='ocrx_word' id='word_1_141' title='bbox 219 1719 333 1773; x_wconf 84' lang='lat' dir='ltr'><strong>LXXX.</strong></span> <span class='ocrx_word' id='word_1_142' title='bbox 352 1717 456 1782; x_wconf 83' lang='lat' dir='ltr'><strong>Caesar,</strong></span> <span class='ocrx_word' id='word_1_143' title='bbox 463 1716 537 1771; x_wconf 90' lang='lat' dir='ltr'><strong>omni</strong></span> <span class='ocrx_word' id='word_1_144' title='bbox 546 1715 662 1772; x_wconf 84' lang='lat' dir='ltr'><strong>exercitu</strong></span> <span class='ocrx_word' id='word_1_145' title='bbox 671 1715 705 1770; x_wconf 93' lang='lat' dir='ltr'><strong>ad</strong></span> <span class='ocrx_word' id='word_1_146' title='bbox 713 1721 854 1788; x_wconf 89' lang='lat' dir='ltr'><strong>utramque</strong></span> <span class='ocrx_word' id='word_1_147' title='bbox 864 1724 967 1788; x_wconf 85' lang='lat' dir='ltr'><strong>partem</strong></span> 
     </span>
     <span class='ocr_line' id='line_1_22' title="bbox 164 1791 968 1865; baseline 0 -19"><span class='ocrx_word' id='word_1_148' title='bbox 164 1791 346 1847; x_wconf 91' lang='lat' dir='ltr'><strong>munitionum</strong></span> <span class='ocrx_word' id='word_1_149' title='bbox 355 1791 492 1865; x_wconf 86' lang='lat' dir='ltr'><strong>disposito,</strong></span> <span class='ocrx_word' id='word_1_150' title='bbox 512 1798 551 1856; x_wconf 89' lang='lat' dir='ltr'><strong>ut,</strong></span> <span class='ocrx_word' id='word_1_151' title='bbox 567 1791 592 1846; x_wconf 89' lang='lat' dir='ltr'><strong>si</strong></span> <span class='ocrx_word' id='word_1_152' title='bbox 603 1791 776 1855; x_wconf 76' lang='lat' dir='ltr'><strong>amaverint,</strong></span> <span class='ocrx_word' id='word_1_153' title='bbox 797 1807 881 1846; x_wconf 88' lang='lat' dir='ltr'><strong>suum</strong></span> <span class='ocrx_word' id='word_1_154' title='bbox 891 1793 968 1865; x_wconf 88' lang='lat' dir='ltr'><strong>quis-</strong></span> 
     </span>
     <span class='ocr_line' id='line_1_23' title="bbox 164 1865 967 1938; baseline 0 -18"><span class='ocrx_word' id='word_1_155' title='bbox 164 1883 218 1936; x_wconf 84' lang='lat' dir='ltr'><strong>que</strong></span> <span class='ocrx_word' id='word_1_156' title='bbox 228 1865 315 1920; x_wconf 88' lang='lat' dir='ltr'><strong>locum</strong></span> <span class='ocrx_word' id='word_1_157' title='bbox 325 1873 409 1921; x_wconf 87' lang='lat' dir='ltr'><strong>teneat</strong></span> <span class='ocrx_word' id='word_1_158' title='bbox 418 1873 443 1920; x_wconf 89' lang='lat' dir='ltr'><strong>et</strong></span> <span class='ocrx_word' id='word_1_159' title='bbox 452 1866 564 1931; x_wconf 82' lang='lat' dir='ltr'><strong>noverit,</strong></span> <span class='ocrx_word' id='word_1_160' title='bbox 578 1865 725 1938; x_wconf 85' lang='lat' dir='ltr'><strong>equitatum</strong></span> <span class='ocrx_word' id='word_1_161' title='bbox 738 1881 772 1920; x_wconf 85' lang='lat' dir='ltr'><strong>ex</strong></span> <span class='ocrx_word' id='word_1_162' title='bbox 783 1866 877 1920; x_wconf 88' lang='lat' dir='ltr'><strong>castris</strong></span> <span class='ocrx_word' id='word_1_163' title='bbox 891 1867 967 1922; x_wconf 87' lang='lat' dir='ltr'><strong>educi</strong></span> 
     </span>
     <span class='ocr_line' id='line_1_24' title="bbox 164 1938 965 2008; baseline 0.001 -15"><span class='ocrx_word' id='word_1_164' title='bbox 164 1948 190 1993; x_wconf 88' lang='lat' dir='ltr'><strong>et</strong></span> <span class='ocrx_word' id='word_1_165' title='bbox 199 1939 328 2008; x_wconf 89' lang='lat' dir='ltr'><strong>proelium</strong></span> <span class='ocrx_word' id='word_1_166' title='bbox 342 1940 471 1995; x_wconf 84' lang='lat' dir='ltr'><strong>committi</strong></span> <span class='ocrx_word' id='word_1_167' title='bbox 484 1939 567 1996; x_wconf 88' lang='lat' dir='ltr'><strong>iubet.</strong></span> <span class='ocrx_word' id='word_1_168' title='bbox 590 1939 653 1995; x_wconf 89' lang='lat' dir='ltr'><strong>Erat</strong></span> <span class='ocrx_word' id='word_1_169' title='bbox 665 1955 699 1994; x_wconf 84' lang='lat' dir='ltr'><strong>ex</strong></span> <span class='ocrx_word' id='word_1_170' title='bbox 716 1938 842 1994; x_wconf 88' lang='lat' dir='ltr'><strong>omnibus</strong></span> <span class='ocrx_word' id='word_1_171' title='bbox 861 1942 965 2006; x_wconf 84' lang='lat' dir='ltr'><strong>castris,</strong></span> 
     </span>
     <span class='ocr_line' id='line_1_25' title="bbox 164 2013 968 2088; baseline 0.005 -24"><span class='ocrx_word' id='word_1_172' title='bbox 164 2029 233 2082; x_wconf 88' lang='lat' dir='ltr'><strong>quae</strong></span> <span class='ocrx_word' id='word_1_173' title='bbox 242 2029 381 2068; x_wconf 89' lang='lat' dir='ltr'><strong>summurn</strong></span> <span class='ocrx_word' id='word_1_174' title='bbox 390 2014 510 2086; x_wconf 90' lang='lat' dir='ltr'><strong>undique</strong></span> <span class='ocrx_word' id='word_1_175' title='bbox 519 2014 614 2088; x_wconf 82' lang='lat' dir='ltr'><strong>iugum</strong></span> <span class='ocrx_word' id='word_1_176' title='bbox 621 2013 915 2086; x_wconf 86' lang='lat' dir='ltr'><strong>tenebant,despeetus;</strong></span> <span class='ocrx_word' id='word_1_177' title='bbox 929 2024 968 2069; x_wconf 83' lang='lat' dir='ltr'><strong>at-</strong></span> 
     </span>
     <span class='ocr_line' id='line_1_26' title="bbox 165 2085 968 2162; baseline 0.006 -24"><span class='ocrx_word' id='word_1_178' title='bbox 165 2102 218 2157; x_wconf 87' lang='lat' dir='ltr'><strong>que</strong></span> <span class='ocrx_word' id='word_1_179' title='bbox 226 2085 346 2140; x_wconf 88' lang='lat' dir='ltr'><strong>omnium</strong></span> <span class='ocrx_word' id='word_1_180' title='bbox 358 2087 473 2142; x_wconf 85' lang='lat' dir='ltr'><strong>militnm</strong></span> <span class='ocrx_word' id='word_1_181' title='bbox 486 2088 578 2143; x_wconf 88' lang='lat' dir='ltr'><strong>intenti</strong></span> <span class='ocrx_word' id='word_1_182' title='bbox 594 2089 676 2145; x_wconf 89' lang='lat' dir='ltr'><strong>animi</strong></span> <span class='ocrx_word' id='word_1_183' title='bbox 689 2105 795 2162; x_wconf 81' lang='lat' dir='ltr'><strong>pugnae</strong></span> <span class='ocrx_word' id='word_1_184' title='bbox 807 2097 968 2160; x_wconf 83' lang='lat' dir='ltr'><strong>proventum</strong></span> 
     </span>
     <span class='ocr_line' id='line_1_27' title="bbox 165 2159 970 2237; baseline 0.009 -23"><span class='ocrx_word' id='word_1_185' title='bbox 165 2159 360 2230; x_wconf 87' lang='lat' dir='ltr'><strong>exspectabant.</strong></span> <span class='ocrx_word' id='word_1_186' title='bbox 375 2161 444 2215; x_wconf 89' lang='lat' dir='ltr'><strong>Galli</strong></span> <span class='ocrx_word' id='word_1_187' title='bbox 454 2161 523 2216; x_wconf 88' lang='lat' dir='ltr'><strong>inter</strong></span> <span class='ocrx_word' id='word_1_188' title='bbox 533 2164 636 2236; x_wconf 82' lang='lat' dir='ltr'><strong>equites</strong></span> <span class='ocrx_word' id='word_1_189' title='bbox 646 2180 718 2229; x_wconf 80' lang='lat' dir='ltr'><strong>raros</strong></span> <span class='ocrx_word' id='word_1_190' title='bbox 727 2163 876 2237; x_wconf 80' lang='lat' dir='ltr'><strong>sagittarios</strong></span> <span class='ocrx_word' id='word_1_191' title='bbox 887 2181 970 2237; x_wconf 84' lang='lat' dir='ltr'><strong>expe·</strong></span> 
     </span>
     <span class='ocr_line' id='line_1_28' title="bbox 165 2231 972 2310; baseline 0.005 -20"><span class='ocrx_word' id='word_1_192' title='bbox 165 2235 287 2307; x_wconf 86' lang='lat' dir='ltr'><strong>ditesque</strong></span> <span class='ocrx_word' id='word_1_193' title='bbox 296 2231 361 2288; x_wconf 84' lang='lat' dir='ltr'><strong>levis</strong></span> <span class='ocrx_word' id='word_1_194' title='bbox 371 2241 519 2290; x_wconf 86' lang='lat' dir='ltr'><strong>armaturae</strong></span> <span class='ocrx_word' id='word_1_195' title='bbox 532 2236 721 2310; x_wconf 72' lang='lat' dir='ltr'><strong>interimerent,</strong></span> <span class='ocrx_word' id='word_1_196' title='bbox 736 2237 855 2310; x_wconf 88' lang='lat' dir='ltr'><strong>quisuis</strong></span> <span class='ocrx_word' id='word_1_197' title='bbox 871 2239 972 2300; x_wconf 72' lang='lat' dir='ltr'><strong>oedem,</strong></span> 
     </span>
     <span class='ocr_line' id='line_1_29' title="bbox 165 2307 972 2386; baseline 0.004 -22"><span class='ocrx_word' id='word_1_198' title='bbox 165 2311 238 2366; x_wconf 88' lang='lat' dir='ltr'><strong>tibus</strong></span> <span class='ocrx_word' id='word_1_199' title='bbox 248 2307 348 2364; x_wconf 90' lang='lat' dir='ltr'><strong>auxilio</strong></span> <span class='ocrx_word' id='word_1_200' title='bbox 356 2321 538 2368; x_wconf 82' lang='lat' dir='ltr'><strong>succurrerent</strong></span> <span class='ocrx_word' id='word_1_201' title='bbox 546 2318 572 2366; x_wconf 87' lang='lat' dir='ltr'><strong>et</strong></span> <span class='ocrx_word' id='word_1_202' title='bbox 582 2319 732 2367; x_wconf 90' lang='lat' dir='ltr'><strong>nostrorum</strong></span> <span class='ocrx_word' id='word_1_203' title='bbox 747 2313 868 2384; x_wconf 85' lang='lat' dir='ltr'><strong>equitum</strong></span> <span class='ocrx_word' id='word_1_204' title='bbox 882 2313 972 2386; x_wconf 90' lang='lat' dir='ltr'><strong>impe·</strong></span> 
     </span>
     <span class='ocr_line' id='line_1_30' title="bbox 165 2383 970 2458; baseline 0.004 -19"><span class='ocrx_word' id='word_1_205' title='bbox 165 2393 210 2440; x_wconf 88' lang='lat' dir='ltr'><strong>tus</strong></span> <span class='ocrx_word' id='word_1_206' title='bbox 220 2384 388 2440; x_wconf 88' lang='lat' dir='ltr'><strong>sustinerent.</strong></span> <span class='ocrx_word' id='word_1_207' title='bbox 408 2384 451 2439; x_wconf 78' lang='lat' dir='ltr'><strong>Ab</strong></span> <span class='ocrx_word' id='word_1_208' title='bbox 461 2383 503 2438; x_wconf 81' lang='lat' dir='ltr'><strong>liis</strong></span> <span class='ocrx_word' id='word_1_209' title='bbox 512 2385 661 2456; x_wconf 86' lang='lat' dir='ltr'><strong>complures</strong></span> <span class='ocrx_word' id='word_1_210' title='bbox 671 2386 704 2440; x_wconf 86' lang='lat' dir='ltr'><strong>de</strong></span> <span class='ocrx_word' id='word_1_211' title='bbox 713 2387 858 2458; x_wconf 88' lang='lat' dir='ltr'><strong>improviso</strong></span> <span class='ocrx_word' id='word_1_212' title='bbox 871 2388 970 2442; x_wconf 81' lang='lat' dir='ltr'><strong>vtrlne-</strong></span> 
     </span>
     <span class='ocr_line' id='line_1_31' title="bbox 166 2456 970 2534; baseline 0.007 -23"><span class='ocrx_word' id='word_1_213' title='bbox 166 2459 215 2512; x_wconf 87' lang='lat' dir='ltr'><strong>rati</strong></span> <span class='ocrx_word' id='word_1_214' title='bbox 228 2456 327 2530; x_wconf 89' lang='lat' dir='ltr'><strong>proelio</strong></span> <span class='ocrx_word' id='word_1_215' title='bbox 344 2457 513 2514; x_wconf 84' lang='lat' dir='ltr'><strong>excedebant.</strong></span> <span class='ocrx_word' id='word_1_216' title='bbox 533 2457 623 2524; x_wconf 88' lang='lat' dir='ltr'><strong>Quum</strong></span> <span class='ocrx_word' id='word_1_217' title='bbox 638 2477 701 2514; x_wconf 89' lang='lat' dir='ltr'><strong>suos</strong></span> <span class='ocrx_word' id='word_1_218' title='bbox 714 2477 805 2534; x_wconf 80' lang='lat' dir='ltr'><strong>pugna</strong></span> <span class='ocrx_word' id='word_1_219' title='bbox 818 2463 970 2532; x_wconf 82' lang='lat' dir='ltr'><strong>superiores</strong></span> 
     </span>
     <span class='ocr_line' id='line_1_32' title="bbox 167 2531 970 2606; baseline 0.006 -21"><span class='ocrx_word' id='word_1_220' title='bbox 167 2549 224 2585; x_wconf 85' lang='lat' dir='ltr'><strong>essa</strong></span> <span class='ocrx_word' id='word_1_221' title='bbox 233 2531 303 2587; x_wconf 91' lang='lat' dir='ltr'><strong>Galli</strong></span> <span class='ocrx_word' id='word_1_222' title='bbox 313 2532 473 2588; x_wconf 82' lang='lat' dir='ltr'><strong>confiderent</strong></span> <span class='ocrx_word' id='word_1_223' title='bbox 481 2538 507 2586; x_wconf 89' lang='lat' dir='ltr'><strong>et</strong></span> <span class='ocrx_word' id='word_1_224' title='bbox 519 2539 622 2586; x_wconf 89' lang='lat' dir='ltr'><strong>nostros</strong></span> <span class='ocrx_word' id='word_1_225' title='bbox 636 2533 806 2589; x_wconf 88' lang='lat' dir='ltr'><strong>multitudine</strong></span> <span class='ocrx_word' id='word_1_226' title='bbox 822 2536 970 2606; x_wconf 58' lang='lat' dir='ltr'><strong>premisi-</strong></span> 
     </span>
     <span class='ocr_line' id='line_1_33' title="bbox 167 2604 971 2680; baseline 0.007 -21"><span class='ocrx_word' id='word_1_227' title='bbox 167 2604 266 2660; x_wconf 85' lang='lat' dir='ltr'><strong>derent:</strong></span> <span class='ocrx_word' id='word_1_228' title='bbox 277 2607 443 2680; x_wconf 78' lang='lat' dir='ltr'><strong>exomnibus</strong></span> <span class='ocrx_word' id='word_1_229' title='bbox 449 2606 570 2680; x_wconf 89' lang='lat' dir='ltr'><strong>partibus</strong></span> <span class='ocrx_word' id='word_1_230' title='bbox 577 2612 602 2662; x_wconf 88' lang='lat' dir='ltr'><strong>et</strong></span> <span class='ocrx_word' id='word_1_231' title='bbox 609 2606 636 2672; x_wconf 81' lang='lat' dir='ltr'><strong>ii,</strong></span> <span class='ocrx_word' id='word_1_232' title='bbox 645 2607 691 2678; x_wconf 89' lang='lat' dir='ltr'><strong>qui</strong></span> <span class='ocrx_word' id='word_1_233' title='bbox 702 2607 896 2664; x_wconf 85' lang='lat' dir='ltr'><strong>munitionibus</strong></span> <span class='ocrx_word' id='word_1_234' title='bbox 905 2626 971 2665; x_wconf 86' lang='lat' dir='ltr'><strong>con-</strong></span> 
     </span>
    </p>
   </div>
   <div class='ocr_carea' id='block_1_5' title="bbox 0 0 1046 2998">
    <p class='ocr_par' dir='ltr' id='par_1_7' title="bbox 0 0 1046 2998">
     <span class='ocr_line' id='line_1_34' title="bbox 0 0 1046 2998; baseline 0 0"><span class='ocrx_word' id='word_1_235' title='bbox 0 0 1046 2998; x_wconf 95' lang='lat' dir='ltr'><strong> </strong></span> 
     </span>
    </p>
   </div>
  </div>
 </body>
</html>
