2072 2998
281 157 412 218 *nraa'va
443 173 638 221 canaam.
721 185 731 196 ·
803 169 851 225 lta

60 284 90 328 ut
98 292 129 330 ne
136 281 227 328 murus
238 276 342 342 quidem
352 276 421 340 clepa·
428 277 517 340 poerit,
532 278 755 344 nequaquaquam
766 281 851 346 eprellr'

61 357 136 404 entra
148 351 423 402 rememoraverat.
444 345 536 401 Oblata
546 365 602 418 spe,
618 348 752 414 Germani,
770 367 850 422 quarn

61 423 209 477 nectierant
219 419 356 492 praedam,
371 420 398 474 in
408 420 507 476 occulto
515 421 681 494 relinquunt,
701 423 752 496 ipsi
762 425 851 478 Adua-

20 533 26 546 .
59 506 142 552 tuoam
152 494 333 560 contendunt,
345 495 571 560 usieodemduce,
592 497 669 552 cuius
678 497 742 553 baec
755 498 851 555 indicio

7 619 9 648 ,
57 576 243 646 cognoverant.
763 587 767 598 ·

111 645 240 700 xxxvl.
261 643 364 708 Cicero,
387 643 434 714 qui
455 661 501 717 per
520 661 611 700 ornnes
629 646 775 717 superiores
792 645 848 701 dies

58 719 200 792 praeceptis
210 717 333 776 Caesaris
346 733 451 772 summa
460 719 594 793 diligentia
607 720 703 777 milites
716 721 743 775 in
758 722 849 776 castris

7 861 9 864 Ι
58 794 232 849 monuisset
249 808 281 846 aa
298 809 333 846 ne
347 791 463 848 calonem
482 795 589 865 quidem
602 811 762 868 quemquam
777 803 850 850 extra
881 821 883 826 ·

58 869 234 926 munitionem
243 865 333 939 egredi
343 881 438 937 passus
446 875 521 932 esset,
542 868 652 940 septimo
664 869 706 925 die
715 869 846 935 diffidens,

57 944 89 998 de
100 957 213 998 numero
222 940 328 996 dierum
340 940 475 996 Caesarem
491 942 569 997 fidem
583 951 756 1010 servaturum,
777 945 850 1018 quod

56 1017 162 1092 longius
172 1029 415 1144 ουᾞτοςτθιευιη
425 1016 554 1083 audiebat,
566 1035 651 1090 neque
659 1018 713 1074 ulla
722 1020 755 1074 de
764 1020 849 1076 reditu

56 1093 114 1148 eius
123 1091 220 1147 lamaa
250 1090 385 1157 erebatur3
399 1090 478 1145 simul
489 1107 578 1146 eorum
588 1101 720 1164 permotus
729 1095 846 1160 vocibus,

57 1166 188 1238 qruillius
196 1163 351 1237 patientiam
359 1181 442 1236 paene
450 1165 626 1221 obsessionem
636 1167 808 1240 adpellabant,
825 1170 848 1223 si
926 1215 930 1221 ,

59 1240 166 1312 quidem
175 1258 210 1296 ex
221 1239 315 1294 castris
325 1239 411 1312 egredi
422 1257 474 1294 non
484 1239 583 1310 lioeret;
604 1242 708 1296 nullum
720 1243 848 1298 eiusmodi

60 1331 152 1369 casum
171 1321 338 1387 exspectans,
359 1329 425 1386 quo,
447 1331 540 1370 novem
558 1317 683 1388 oppositis
703 1317 849 1390 legionibus

16 1419 18 1424 ·
59 1389 227 1462 maximoque
236 1388 366 1462 equitatu,
387 1387 512 1461 dispersis
525 1407 555 1444 ao
569 1407 650 1460 paene
663 1390 753 1445 deletis
767 1391 850 1446 hosti-

7 1503 8 1514 ,
57 1465 121 1528 bus,
141 1463 168 1518 in
181 1464 302 1519 millibus
313 1477 442 1534 passuum
454 1465 490 1519 lll
498 1463 594 1518 ollandi
611 1473 710 1535 posset;
731 1466 850 1538 quinque

57 1539 174 1594 cobortes
183 1538 374 1594 frumentatum
386 1537 413 1592 in
423 1539 556 1608 proximas
570 1546 668 1611 segetes
681 1538 761 1603 misit,
782 1556 848 1610 quas

56 1615 125 1668 inter
133 1625 158 1668 et
169 1622 254 1668 castra
264 1629 338 1666 unus
347 1613 454 1668 omnino
463 1613 537 1667 collis
547 1613 675 1668 intererat.
696 1612 849 1684 Complures

58 1695 132 1742 erant
145 1687 170 1743 ln
189 1688 284 1742 matris
294 1703 328 1742 ex
342 1686 489 1759 legionibus
502 1688 574 1762 aegri
588 1687 683 1746 relicti:
704 1688 849 1758 exquibus

59 1762 107 1833 qui
120 1761 169 1816 boc
180 1763 266 1834 spatio
280 1761 385 1815 dierum
397 1761 590 1828 convaluerant,
611 1762 711 1816 circiter
721 1761 783 1818 CCC
798 1763 849 1818 sub

53 1834 154 1890 'vexillo
165 1853 219 1892 una
228 1836 385 1891 mittuntur:
406 1853 501 1910 magna
510 1845 639 1908 praeterea
653 1836 793 1892 multitudo
806 1855 849 1892 ca·

8 1914 22 1988 ,⁸
58 1909 157 1976 baum,
172 1929 271 1986 magna
281 1910 325 1965 vis
333 1910 518 1977 iumentorum,
538 1927 606 1984 quae
619 1913 646 1967 in
656 1913 746 1968 castris
756 1914 848 1969 subse-

58 1985 137 2049 derat,
151 1985 218 2040 facta
227 1991 363 2057 potestate,
375 1985 503 2055 sequitur.

108 2061 245 2116 XXXVII.
266 2061 321 2114 Hoc
330 2059 387 2130 ipso
395 2066 510 2132 tempore
518 2069 543 2116 et
551 2061 848 2134 casuGermaniequites

56 2133 243 2200 interveniunt,
263 2133 439 2206 protinusque
455 2135 545 2190 eodem
563 2137 616 2202 illo,
640 2153 692 2209 quo
711 2146 845 2203 venerant,

56 2225 135 2264 cursu
147 2209 334 2265 abdecumana
343 2216 416 2279 porta
426 2213 454 2264 in
464 2219 547 2264 castra
558 2212 701 2285 irrumpere
710 2221 845 2266 conantur:

23 2281 30 2292 '
57 2299 104 2338 nec
114 2285 192 2356 prius
205 2290 270 2338 sunt
282 2283 344 2347 visi,
367 2283 474 2338 obiectis
486 2286 520 2340 ab
534 2303 563 2340 ea
577 2295 649 2358 parte
662 2287 745 2352 silvis,
766 2303 847 2357 quani

56 2359 147 2412 castris
159 2357 411 2430 adpropinquarent,
432 2375 518 2430 usque
533 2377 572 2424 eo,
593 2369 631 2426 ut,
653 2362 699 2432 qui
714 2359 765 2413 sub
779 2358 849 2413 vallo

56 2431 192 2486 tenderent
200 2440 366 2496 mercatores
383 2433 522 2504 recipiendi
531 2437 573 2489 sui
583 2433 729 2490 facultatem
740 2431 848 2486 nonha-

7 2553 9 2564 .
57 2505 156 2560 herent.
177 2508 433 2579 Inopinantesnostri
443 2525 548 2564 renova
558 2508 751 2580 perturbantur,
764 2503 849 2560 acvix'

56 2580 314 2652 primum'impetum
322 2581 414 2636 cohors
429 2581 456 2637 in
468 2584 578 2638 statione
590 2583 710 2637 sustinet.
731 2579 849 2635 Circum-

57 2653 206 2710 funduntur
215 2673 249 2711 ex
259 2655 373 2728 reliquis*
380 2655 466 2712 hostes
475 2658 604 2731 partibus,
624 2656 648 2710 si
660 2669 739 2724 quem
749 2652 847 2708 aditum

95 2746 222 2802 luuCaas
663 2745 687 2799 K
