2042 3004
184 141 236 199 aaa
266 185 275 197 .
410 142 605 192 nanneno
629 139 749 192 orvrnr
839 123 846 132 '

184 243 649 318 omtmmpelhnttynpm
657 251 820 300 maerent.
843 241 1002 303 lunarat

185 323 256 380 libus
265 323 293 378 in
306 318 545 392 emplovtcteme
560 317 609 373 abi
623 317 742 374 Caesaris
754 327 883 377 statuam
899 339 981 378 conse

184 405 329 460 oraveram,
339 393 426 466 palma
439 409 487 464 per
498 409 543 447 ene
557 391 614 448 dias
624 392 652 448 in
664 399 731 447 teoto
743 393 818 470 inter
831 407 979 472 coagmenta

185 468 507 546 lapidumexpavimanta
513 467 643 523 exstitisse
650 466 856 526 oaendebetur.

239 587 305 646 CVI.
325 585 429 651 Caesar,
449 601 546 658 paucos
559 583 615 640 dias
629 583 656 638 in
665 582 729 640 Asia
742 595 881 654 moratus,
904 606 979 662 quun

186 665 302 721 audisset
322 661 476 732 Pompeium
497 658 578 734 Cypri
598 658 701 726 visum,
727 661 899 728 coniectans,
928 681 979 718 eun

185 739 336 812 Aegyptum
356 735 404 790 iter
421 735 530 800 habere,
555 742 658 805 propter
677 735 895 792 necessitudines
915 738 978 810 regni

185 813 353 884 reliquasque
369 809 426 863 eius
442 807 492 864 loci
505 808 718 880 opportunitates,
738 825 802 864 cram
817 809 977 884 legionibus,

186 905 248 946 una.
270 899 350 956 quam
373 900 405 937 ex
420 881 555 938 Thessalia
570 899 599 938 se
613 882 689 954 sequi
705 881 827 950 iusserat,
851 894 881 940 et
895 885 977 948 altera.

185 975 266 1032 qnam
280 974 313 1012 en
325 955 422 1012 Achaia
437 975 452 1011 a
467 957 500 1024 Q.
510 957 587 1012 Fufio
602 956 611 1012 l
645 965 686 1011 ato
698 967 865 1024 evocaverat,
887 961 980 1033 equiti-

185 1034 291 1104 busque
302 1031 456 1106 octingentis
467 1039 492 1086 et
506 1031 619 1088 navibus
641 1031 717 1106 ongis
727 1031 842 1087 Rhodiis
855 1033 979 1090 deremet

184 1106 305 1163 Asiaticis
318 1106 419 1178 paucis,
435 1105 621 1162 Alexandriam
636 1105 762 1178 pervenit
790 1107 821 1162 In
843 1107 891 1164 his
912 1119 980 1165 erant

183 1181 332 1254 legionibus
346 1179 484 1236 hominum
497 1181 546 1235 tria
558 1179 641 1236 millia
654 1179 771 1247 ducenti;
793 1179 908 1255 reliqui.
925 1183 980 1240 vul-

185 1255 293 1311 neribus
308 1272 342 1310 ex
359 1255 464 1327 proeliis
481 1263 507 1310 at
525 1254 613 1310 labore
630 1271 660 1310 ac
677 1255 865 1328 magnitudine
879 1259 979 1314 itineris

183 1329 302 1394 coniecti,
314 1330 439 1402 consequi
449 1347 501 1386 non
510 1337 656 1402 potuerant.
680 1327 730 1384 &d
739 1329 847 1396 Caesar,
862 1334 979 1388 confisus

184 1404 255 1460 lama
267 1422 355 1460 rerum
365 1413 508 1478 gestarum,
529 1403 641 1460 infirmis
656 1403 763 1458 auxiliis
775 1404 916 1476 proficisci
931 1425 977 1463 non

184 1479 348 1536 dubitaverat
358 1488 436 1552 atque
444 1497 549 1536 onmem
560 1477 613 1534 sibi
622 1477 801 1536 locumtutum
815 1477 874 1536 iere
887 1482 978 1538 existi-

184 1555 281 1610 mabat.
301 1553 732 1625 AlexandriaedePompeiimorta
739 1556 886 1626 segnescit:
903 1565 979 1630 atque

184 1630 222 1685 ibi
233 1630 349 1701 primum
360 1646 375 1684 c
387 1627 449 1685 navi
463 1627 598 1702 egrediens
613 1627 751 1682 clamorem
761 1628 882 1686 militnm
894 1631 976 1694 audit,

184 1721 252 1776 quos
262 1722 309 1760 rex
319 1705 345 1758 in
360 1703 456 1776 oppido
467 1702 590 1775 praesidii
602 1719 695 1758 caussa
704 1701 861 1774 reliquerat,
882 1713 911 1762 et
919 1723 979 1762 oon·

184 1797 293 1834 orrrsum
308 1778 379 1833 adse
393 1777 538 1842 denudet,
554 1777 625 1848 quod
635 1775 715 1832 fasces
725 1775 932 1838 anteferrentur.
952 1783 978 1836 ln

184 1853 329 1909 hocomnis
339 1851 479 1908 multitudo
493 1853 653 1908 maiestatem
661 1851 760 1926 regiam
774 1851 864 1908 minui
874 1855 979 1926 praedi·

184 1929 268 1982 cebet.
288 1927 439 1982 lloosedato
448 1925 573 1991 tumultu,
584 1925 687 1980 crebrae
696 1926 828 1980 continuis
837 1927 940 1984 diebus
949 1947 978 1985 ex

184 2018 313 2056 concursu
331 1999 508 2056 multitudinis
525 2000 706 2056 concitationes
725 1999 835 2066 fiebant,
856 2004 978 2076 complu·

184 2091 278 2146 resque
286 2074 382 2130 milites
397 2073 477 2130 hauns
487 2075 561 2131 urbis
574 2075 698 2130 amnibus
707 2074 827 2148 partibus
837 2076 978 2134 interficie-

184 2150 290 2205 bantur.
863 2169 866 2178 ¹

238 2257 315 2315 cvn.
344 2255 448 2324 Quibus
465 2255 550 2312 rebus
565 2255 767 2323 animadversis,
788 2255 908 2332 Ιιςίοηω
925 2262 976 2316 sibi

184 2333 290 2390 aliasex
299 2332 361 2390 Asia
374 2331 469 2388 adduci
484 2332 570 2399 iussit,
585 2347 652 2404 quas
664 2347 697 2387 ex
708 2332 873 2403 Pompeianis
885 2335 977 2390 militi·

184 2409 236 2463 bns
244 2407 399 2464 coniecerat:
418 2407 476 2479 ipse
486 2407 558 2462 anim
572 2407 717 2462 necessario
729 2406 817 2460 etesiis
826 2409 975 2476 tenebatur,

184 2483 232 2553 qui
245 2481 404 2538 Alexandria
418 2481 605 2555 navigantibus
621 2488 684 2535 sunt
696 2479 879 2536 adversissimi
892 2486 975 2540 venti

184 2556 291 2610 interim
302 2556 490 2612 mntroversias
514 2569 608 2626 regum
629 2555 663 2609 ad
680 2552 809 2625 populum
823 2555 976 2613 Romanum

183 2636 209 2682 et
221 2629 255 2682 ad
263 2647 301 2695 se,
313 2629 570 2703 qmdeaueonsm
582 2627 885 2702 perumrsexistnms,
896 2639 977 2706 etque
