2064 2996
168 171 201 224 54
371 173 421 222 DE
444 175 568 222 BELLO
592 175 761 222 GALLICO

167 274 329 331 intellectum
344 282 391 342 est,
412 273 530 341 oonsilio,
551 275 623 348 quod
637 273 768 330 deditione
780 272 846 330 lecta
864 283 973 332 nostros

166 349 296 422 praesidia
309 350 474 416 deducturos,
494 356 540 406 sut
552 349 667 421 denique
681 348 863 422 indiligentius
877 367 973 406 serve-

167 434 240 480 turos
249 424 420 490 crediderant,
436 422 532 496 purtim
546 423 670 488 cumbis,
685 439 754 495 quae
767 424 930 480 retinuerant
945 435 973 480 et

167 499 321 565 celaverant,
334 499 423 564 armis,
435 499 531 570 partim
541 498 622 552 scutis
632 515 665 552 ex
673 497 766 552 cortice
775 497 858 564 lactis,
870 505 918 553 aut
926 499 971 555 vi-

168 573 287 628 minibus
296 573 411 638 intextis,
423 589 491 643 quse
501 573 598 642 subito,
606 580 636 628 ut
645 571 769 644 temporis
778 572 912 645 exiguitas
920 591 972 646 po-

167 647 290 712 stulabat,
301 645 415 718 pellibus
424 645 591 712 induxerant,
601 646 674 701 tertio
682 645 783 720 vigilia,
792 662 845 718 que
855 646 971 703 minime

167 721 267 776 arduus
275 719 310 774 ed
318 727 420 776 nostras
430 721 590 776 munitiones
599 721 741 775 adscensus
749 717 898 788 videbatur,
910 737 971 778 orn-

168 795 248 850 nibus
258 793 340 865 copiis
350 804 454 864 repente
462 811 495 850 ex
503 795 600 866 oppido
607 795 770 865 eruptionem
780 793 908 850 lecerunt.
919 796 971 852 Ce-

168 867 263 931 leriter,
277 875 307 922 ut
317 876 376 922 onte
385 868 480 924 Caesar
490 869 637 940 imperarat,
654 868 762 941 ignibus
775 868 970 941 significatione

169 941 242 1006 leem,
250 957 283 995 ex
292 941 422 1012 proximis
431 939 580 998 castelliseo
590 958 748 997 concursum
756 949 796 996 est
804 951 970 1016 pugnatum-

167 1031 220 1086 que
232 1013 266 1069 eb
279 1014 399 1070 hostibus
412 1016 447 1071 ita
462 1017 563 1080 acriter,
583 1023 614 1072 ut
627 1035 642 1072 a
655 1017 720 1072 viris
733 1015 855 1082 fortibus,
877 1018 907 1073 in
921 1035 971 1074 ex·
1024 1053 1025 1062 ,

167 1099 306 1160 tremaspe
319 1088 421 1154 salutis,
438 1090 605 1162 iniqucloco,
621 1098 772 1160 concaede,
796 1091 887 1162 quiex
897 1092 970 1148 vello

167 1163 339 1235 turribusque
348 1162 397 1217 telo
408 1163 527 1228 iacerent,
540 1164 654 1237 pugnari
663 1164 763 1231 debuit,
779 1181 865 1236 quum
875 1166 903 1220 in
914 1185 969 1222 une

168 1237 264 1291 virtute
275 1237 363 1291 omnis
374 1254 434 1307 spes
445 1236 537 1292 salutis
547 1238 707 1293 consisteret.
728 1239 827 1295 Occisis
837 1239 872 1294 ed
882 1241 971 1296 homi·
1024 1263 1025 1306 Τ

167 1327 233 1366 num
243 1310 363 1366 millibus
372 1317 494 1384 quatuor.
510 1311 605 1384 reliqui
617 1312 644 1367 in
654 1313 783 1384 oppidum
796 1313 883 1378 reiecti
893 1324 968 1371 sunt.
1024 1359 1025 1378 ,

167 1385 295 1440 Postridie
303 1385 361 1440 eius
369 1385 431 1452 diei,
450 1385 565 1442 refractis
573 1387 665 1460 portis,
682 1405 767 1460 quum
778 1388 831 1442 iam
844 1387 972 1446 deiende-
1024 1393 1025 1452 1

167 1467 205 1514 ret
213 1476 300 1526 nemo,
311 1467 390 1534 atque
400 1461 558 1517 intromissis
567 1461 697 1517 militibus
707 1463 813 1527 nostris,
825 1464 970 1521 sectionem
996 1519 1000 1528 ,
1024 1503 1025 1522 t

166 1535 224 1589 eius
244 1534 335 1607 oppidi
349 1535 501 1592 universam
515 1537 610 1594 Ceesar
627 1533 755 1592 vendidit.
784 1533 827 1591 Ab
844 1534 898 1604 bis,
919 1541 968 1611 qui
1024 1589 1025 1614 ,

167 1618 296 1736 ¹emerent,
320 1611 436 1684 capitum
455 1629 582 1668 numerus
602 1611 635 1667 ad
652 1629 714 1667 eum
734 1611 830 1666 relatus
846 1619 889 1666 est
905 1611 970 1668 mil·
1024 1679 1025 1690 χ

178 1684 234 1738 ium
245 1685 312 1740 LIII.

222 1758 348 1815 XXXIV.
369 1759 468 1814 Eodem
477 1765 593 1830 tempore
607 1777 622 1814 a
637 1761 667 1813 P.
682 1759 785 1822 Crasso,
809 1775 891 1832 quem
905 1777 969 1817 cum

167 1829 269 1902 legione
278 1848 332 1886 una
341 1832 448 1886 miserat
457 1832 491 1886 ad
500 1832 620 1898 Venetos,
633 1833 749 1899 Unellos,
760 1833 901 1902 Osismios,
914 1835 971 1892 Cu-

77 1961 79 1974 ,
166 1903 304 1968 riosolitas,
326 1904 460 1971 Sesuvlos,
482 1905 619 1973 Aulercos,
640 1907 791 1974 Rhedones,
814 1919 971 1980 quaesunt

166 1976 449 2044 maritimaecivitates,
465 1977 652 2054 Oceanumque
662 1982 810 2056 adtingunt,
825 1984 919 2039 certior
929 1984 971 2040 le—

165 2057 224 2106 ctus
233 2058 280 2116 est,
295 2066 388 2106 omnes
397 2069 441 2108 eas
450 2053 568 2109 civitates
582 2055 609 2111 in
621 2055 746 2112 ditionem
759 2065 971 2133 potestatemque

165 2123 579 2197 populiRemeniesseredaetus.
800 2195 803 2202 ,

220 2199 334 2257 XXXV.
354 2199 401 2255 llis
410 2202 489 2257 rebus
498 2204 579 2277 gestis
591 2204 663 2258 omni
674 2203 759 2260 Gallia
773 2212 873 2276 pacata,
895 2213 968 2264 tanta

165 2273 248 2330 huius
256 2273 320 2330 belli
329 2273 363 2330 sd
371 2274 496 2332 barbaros
506 2277 595 2348 opinio
603 2277 702 2350 perlate
711 2286 759 2345 est,
773 2279 811 2334 uti
821 2279 856 2334 eb
865 2279 909 2336 his
919 2301 970 2338 na-

165 2349 292 2416 tionibus,
313 2367 382 2422 quse
400 2359 473 2409 tram
487 2351 608 2407 Rhenum
631 2352 780 2419 incolerent,
801 2353 970 2412 mitterentur

166 2421 244 2497 legati
254 2423 444 2492 eanesnrem,
466 2442 535 2498 quae
549 2443 578 2480 se
589 2426 694 2481 obsides
704 2425 819 2493 daturas,
840 2429 970 2502 imperata

166 2495 288 2564 iacturas,
308 2498 505 2572 pollicerentur:
530 2517 598 2572 quas
613 2499 753 2574 legationes
767 2501 871 2567 Cacsar,
895 2505 971 2576 quod
1024 2517 1025 2524 ’

168 2570 194 2624 in
204 2570 306 2627 Italiam
322 2573 512 2648 Illyricumque
525 2576 688 2648 properabat,
710 2575 775 2629 inita
787 2576 910 2647 proxime
926 2596 972 2634 ao·

166 2652 230 2701 state
240 2645 273 2702 ad
287 2648 417 2704 sereserti
432 2649 519 2707 iussit.
539 2650 597 2724 lpse
607 2650 635 2707 in
645 2649 781 2716 Carnutes,
797 2649 896 2716 Andes,
913 2651 971 2708 Tu-
