2064 2996
346 139 419 184 mn.
432 137 469 184 II.
498 139 577 186 cAP.
592 141 615 187 5.
692 168 711 192 ι,
848 141 881 192 39

74 234 179 310 tiusque
188 238 254 293 belli
263 239 414 310 imperium
425 237 477 291 sibi
490 237 632 308 postulare.
652 239 805 298 Suessiones
818 258 881 300 suos

73 327 128 366 esse
143 312 290 374 smitimos,
305 311 454 368 latissimos
466 309 694 384 feracissimosque
707 332 784 387 agros
795 319 882 388 possi-

71 385 140 440 dere.
161 385 247 459 Apud
255 403 301 440 eos
309 385 396 440 luisse
404 401 494 457 regem
506 394 594 442 nostra
605 388 684 442 etiam
697 391 823 446 memoria
835 393 881 446 Di·

70 460 209 525 vitiacum‚
222 459 306 514 totius
316 459 650 530 Galliaepotentissimum‚
667 463 714 533 qui
728 480 813 533 quum
823 481 880 520 ma·

67 550 137 606 gnae
144 535 233 606 partis
242 533 341 588 harum
351 533 502 607 regionum,
513 541 570 589 tum
580 537 658 590 etiam
668 537 817 592 Britanniae
829 538 880 592 im-

68 609 175 678 perium
184 608 346 663 obtinuerit:
367 623 603 682 nuncesseregem
612 609 738 666 Galbam:
753 610 876 678 adhunc.

69 689 175 755 propter
186 682 320 737 iustitiam
336 681 568 754 prudentiamque,
583 685 663 738 totius
671 684 734 739 belli
743 702 878 740 summam

68 759 193 811 omnium
204 755 341 811 voluntate
350 754 461 810 deferri:
481 756 576 828 oppida
589 757 684 814 babere
694 777 805 814 numero
815 759 874 826 XII,

65 830 188 901 polliceri
198 829 286 883 millia
298 836 398 884 armata
408 828 614 903 quinquaginta3
636 833 742 888 totidem
752 834 872 899 Nervios,

65 906 115 976 qui
129 905 254 958 maxime
269 902 317 958 leri
332 904 402 958 inter
417 904 488 973 ipsos
505 903 650 960 habeantur
668 906 875 980 longissimeque

65 979 172 1033 absint:
194 978 248 1034 XV
258 976 344 1032 millia
353 977 502 1031 Atrebates:
516 977 694 1034 Ambianosll
706 981 804 1038 millia:
819 983 876 1038 Mo-

65 1054 140 1108 rinos
150 1051 234 1106 XXV
242 1051 340 1119 millia;
361 1051 496 1121 Menapios
505 1052 543 1106 IX
554 1049 652 1109 millia?
666 1054 767 1110 Caletos
776 1056 803 1110 X
813 1057 875 1110 mil-

65 1127 116 1182 lia:
146 1125 301 1182 velocasses
319 1133 345 1179 et
363 1125 561 1181 veromanduos
578 1129 698 1183 totidem:
723 1129 874 1185 Aduatucos

65 1201 165 1256 XXIX
175 1199 270 1265 millia,
282 1199 595 1266 Condrusos‚Eburones‚
608 1203 754 1270 Caeraesos‚
767 1205 874 1258 Paema-

67 1295 126 1342 nos‚
138 1276 188 1404 qapli
197 1291 253 1330 uno
262 1274 371 1330 nomine
381 1273 505 1328 Germani
518 1275 691 1347 adpelhntur,
707 1278 827 1333 arbitrari
840 1279 871 1332 ad

67 1351 116 1406 XL
127 1351 165 1405 mi
188 1351 224 1404 ia.
326 1363 334 1370 ·

125 1425 155 1480 V.
176 1424 280 1490 Caesar,
292 1424 390 1479 Remos
400 1421 546 1480 cohortatus
556 1423 748 1497 liberaliterque
757 1425 882 1480 oratione·

65 1506 238 1572 pmsecntus‚
262 1515 371 1553 omnem
380 1505 501 1552 senatum
512 1499 546 1553 ad
558 1516 587 1553 se
600 1501 753 1564 convenire,
773 1500 873 1569 princi-

64 1591 187 1648 pumque
198 1572 296 1628 liberos
305 1571 413 1628 obsides
422 1571 456 1627 ad
465 1590 493 1627 se
502 1571 597 1626 adduci
607 1573 694 1626 iussit.
704 1571 776 1638 Quae
782 1573 872 1626 omnia

64 1650 99 1704 ab
108 1650 154 1704 bis
165 1647 308 1722 diligenter
323 1647 358 1702 ad
371 1645 443 1700 diem
457 1645 523 1702 faeta
539 1653 610 1702 sunt.
630 1647 697 1717 lpse,
714 1645 870 1700 Divitiacum

64 1724 191 1780 heduam
202 1739 300 1798 magno
310 1738 390 1794 opere
403 1721 560 1788 cohortatus,
578 1721 660 1785 dooet,
681 1726 780 1793 quanto
794 1735 871 1792 opere

64 1799 104 1854 rei
116 1798 240 1870 publicae
258 1795 466 1867 communisque
478 1795 572 1851 salutis
584 1795 694 1862 intersit,
716 1811 812 1850 manus
822 1795 867 1850 bo-

64 1874 149 1928 stium
158 1872 289 1937 distineri,
304 1888 338 1926 ne
346 1887 409 1924 oum
422 1877 491 1925 tanta
503 1869 672 1926 multitudine
685 1887 740 1926 uno
753 1877 869 1942 tempore

63 1947 262 2020 confligendum
271 1947 317 2002 sit.
339 1944 370 1999 ld
380 1943 436 1998 lieri
445 1961 530 2014 posse,
542 1946 566 2000 si
575 1963 638 2000 suas
646 1946 733 2018 oopias
744 1944 829 2001 hedui
840 1946 867 2000 in

64 2023 132 2078 lines
140 2021 341 2078 bellovacorum
352 2018 544 2074 introduxerint
553 2027 578 2076 et
587 2037 678 2076 eorum
693 2037 769 2096 agros
782 2037 868 2092 popu-

65 2097 113 2152 lari
123 2097 267 2170 coeperint.
287 2091 487 2158 Hismandatis,
501 2095 773 2160 eumabse'dimittit.
793 2095 868 2149 Post-

65 2189 147 2244 quam
159 2189 253 2227 omnes
266 2167 411 2240 Belgarum
426 2168 512 2238 copias
525 2168 552 2223 in
566 2186 652 2224 unum
667 2169 754 2224 locum
767 2175 867 2223 coactas

65 2246 98 2302 ad
110 2263 139 2302 so
149 2247 241 2302 venire
253 2243 333 2306 vidit¹
346 2257 433 2312 neque
443 2241 495 2296 iam
506 2241 583 2317 longe
591 2244 682 2299 abesse
691 2245 725 2299 ab
733 2243 786 2307 bis,
798 2257 867 2312 quos

66 2322 178 2388 miserat,
199 2315 415 2391 exploratoribus
428 2323 452 2370 et
467 2316 500 2370 ab
514 2317 603 2374 Remis
615 2318 747 2392 cognovit,
767 2314 867 2368 llumen

66 2398 193 2461 Axonam.
206 2391 283 2467 quod
292 2397 334 2446 est
343 2389 371 2444 in
381 2391 505 2446 extremis
517 2391 660 2448 Remorum
670 2390 779 2452 finibus.
792 2403 867 2442 exer-

65 2471 144 2525 citum
160 2466 336 2525 transducere
355 2465 496 2520 maturavit
514 2473 592 2538 atque
610 2466 648 2520 ibi
665 2470 749 2519 castra
767 2461 864 2532 posuit.

66 2543 134 2611 Quae
146 2561 190 2600 res
205 2549 231 2598 et
245 2541 318 2596 latus
331 2555 418 2592 unum
432 2545 576 2594 castrorum
594 2538 660 2609 ripis
673 2535 792 2590 fluminis
806 2551 867 2587 mu-

66 2619 150 2674 niebat
159 2625 194 2684 et,
207 2622 270 2690 post
280 2630 343 2670 eum
353 2629 422 2685 quae
430 2621 526 2682 essent,
537 2620 593 2668 tuta
603 2611 636 2666 ab
646 2608 766 2664 hostibus
776 2605 867 2662 redde
