<?xml version="1.0" encoding="UTF-8"?>
<!DOCTYPE html PUBLIC "-//W3C//DTD XHTML 1.0 Transitional//EN"
    "http://www.w3.org/TR/xhtml1/DTD/xhtml1-transitional.dtd">
<html xmlns="http://www.w3.org/1999/xhtml" xml:lang="en" lang="en">
 <head>
  <title>
</title>
<meta http-equiv="Content-Type" content="text/html;charset=utf-8" />
  <meta name='ocr-system' content='tesseract 3.04.00' />
  <meta name='ocr-capabilities' content='ocr_page ocr_carea ocr_par ocr_line ocrx_word'/>
</head>
<body>
  <div class='ocr_page' id='page_1' title='image "./ciuliicaesarisc04caesgoog_0065.png"; bbox 0 0 2064 2996; ppageno 0'>
   <div class='ocr_carea' id='block_1_1' title="bbox 183 151 778 204">
    <p class='ocr_par' dir='ltr' id='par_1_1' title="bbox 183 151 778 204">
     <span class='ocr_line' id='line_1_1' title="bbox 183 151 778 204; baseline -0.008 -1"><span class='ocrx_word' id='word_1_1' title='bbox 183 152 215 204; x_wconf 83' lang='grc'>60</span> <span class='ocrx_word' id='word_1_2' title='bbox 389 155 439 200; x_wconf 91' lang='lat' dir='ltr'>DE</span> <span class='ocrx_word' id='word_1_3' title='bbox 462 153 586 200; x_wconf 85' lang='lat' dir='ltr'>BELLO</span> <span class='ocrx_word' id='word_1_4' title='bbox 611 151 778 199; x_wconf 81' lang='lat' dir='ltr'><strong>GALLICO</strong></span> 
     </span>
    </p>
   </div>
   <div class='ocr_carea' id='block_1_2' title="bbox 182 249 996 696">
    <p class='ocr_par' dir='ltr' id='par_1_2' title="bbox 182 249 996 696">
     <span class='ocr_line' id='line_1_2' title="bbox 183 249 996 328; baseline 0 -18"><span class='ocrx_word' id='word_1_5' title='bbox 183 255 255 328; x_wconf 91' lang='lat' dir='ltr'>quod</span> <span class='ocrx_word' id='word_1_6' title='bbox 266 255 324 326; x_wconf 91' lang='lat' dir='ltr'>ipse</span> <span class='ocrx_word' id='word_1_7' title='bbox 336 253 424 308; x_wconf 83' lang='lat' dir='ltr'>aberat</span> <span class='ocrx_word' id='word_1_8' title='bbox 436 250 551 325; x_wconf 81' lang='lat' dir='ltr'>longius,</span> <span class='ocrx_word' id='word_1_9' title='bbox 573 262 655 308; x_wconf 89' lang='lat' dir='ltr'>naves</span> <span class='ocrx_word' id='word_1_10' title='bbox 664 251 770 306; x_wconf 81' lang='lat' dir='ltr'><strong>interim</strong></span> <span class='ocrx_word' id='word_1_11' title='bbox 783 249 877 324; x_wconf 77' lang='lat' dir='ltr'>longas</span> <span class='ocrx_word' id='word_1_12' title='bbox 892 253 996 310; x_wconf 87' lang='lat' dir='ltr'>aedili-</span> 
     </span>
     <span class='ocr_line' id='line_1_3' title="bbox 182 323 995 399; baseline 0 -16"><span class='ocrx_word' id='word_1_13' title='bbox 182 331 235 384; x_wconf 86' lang='lat' dir='ltr'>cari</span> <span class='ocrx_word' id='word_1_14' title='bbox 246 329 274 382; x_wconf 95' lang='lat' dir='ltr'>in</span> <span class='ocrx_word' id='word_1_15' title='bbox 284 326 499 399; x_wconf 82' lang='lat' dir='ltr'>tlumineLigeri,</span> <span class='ocrx_word' id='word_1_16' title='bbox 515 324 586 396; x_wconf 86' lang='lat' dir='ltr'>qaod</span> <span class='ocrx_word' id='word_1_17' title='bbox 601 323 687 380; x_wconf 88' lang='lat' dir='ltr'>influit</span> <span class='ocrx_word' id='word_1_18' title='bbox 700 325 727 379; x_wconf 93' lang='lat' dir='ltr'>in</span> <span class='ocrx_word' id='word_1_19' title='bbox 738 323 882 390; x_wconf 68' lang='lat' dir='ltr'>Oceanum</span> <span class='ocrx_word' id='word_1_20' title='bbox 895 331 995 399; x_wconf 24' lang='lat' dir='ltr'>“remi-</span> 
     </span>
     <span class='ocr_line' id='line_1_4' title="bbox 182 399 994 476; baseline -0.002 -18"><span class='ocrx_word' id='word_1_21' title='bbox 182 421 229 476; x_wconf 84' lang='lat' dir='ltr'>ges</span> <span class='ocrx_word' id='word_1_22' title='bbox 240 421 272 457; x_wconf 87' lang='lat' dir='ltr'>ex</span> <span class='ocrx_word' id='word_1_23' title='bbox 283 401 417 474; x_wconf 84' lang='lat' dir='ltr'>provincia</span> <span class='ocrx_word' id='word_1_24' title='bbox 428 400 539 464; x_wconf 87' lang='lat' dir='ltr'>institui,</span> <span class='ocrx_word' id='word_1_25' title='bbox 556 407 650 454; x_wconf 87' lang='lat' dir='ltr'>nautas</span> <span class='ocrx_word' id='word_1_26' title='bbox 658 399 903 472; x_wconf 77' lang='lat' dir='ltr'>gubernatoresque</span> <span class='ocrx_word' id='word_1_27' title='bbox 913 418 994 456; x_wconf 90' lang='lat' dir='ltr'>ccm-</span> 
     </span>
     <span class='ocr_line' id='line_1_5' title="bbox 182 471 990 550; baseline -0.001 -18"><span class='ocrx_word' id='word_1_28' title='bbox 182 477 269 550; x_wconf 88' lang='lat' dir='ltr'>parari</span> <span class='ocrx_word' id='word_1_29' title='bbox 288 476 371 531; x_wconf 89' lang='lat' dir='ltr'>iubet.</span> <span class='ocrx_word' id='word_1_30' title='bbox 396 473 442 528; x_wconf 86' lang='lat' dir='ltr'>llis</span> <span class='ocrx_word' id='word_1_31' title='bbox 460 474 540 528; x_wconf 87' lang='lat' dir='ltr'>rebus</span> <span class='ocrx_word' id='word_1_32' title='bbox 559 471 674 528; x_wconf 76' lang='lat' dir='ltr'>celeriter</span> <span class='ocrx_word' id='word_1_33' title='bbox 692 472 894 539; x_wconf 75' lang='lat' dir='ltr'>administratis,</span> <span class='ocrx_word' id='word_1_34' title='bbox 918 477 990 546; x_wconf 87' lang='lat' dir='ltr'>ipse,</span> 
     </span>
     <span class='ocr_line' id='line_1_6' title="bbox 182 546 991 624; baseline -0.002 -18"><span class='ocrx_word' id='word_1_35' title='bbox 182 551 399 624; x_wconf 88' lang='lat' dir='ltr'>quamprimum</span> <span class='ocrx_word' id='word_1_36' title='bbox 412 564 459 619; x_wconf 89' lang='lat' dir='ltr'>per</span> <span class='ocrx_word' id='word_1_37' title='bbox 473 547 536 602; x_wconf 90' lang='lat' dir='ltr'>anni</span> <span class='ocrx_word' id='word_1_38' title='bbox 549 554 653 618; x_wconf 86' lang='lat' dir='ltr'>tempus</span> <span class='ocrx_word' id='word_1_39' title='bbox 670 547 764 618; x_wconf 90' lang='lat' dir='ltr'>potuit,</span> <span class='ocrx_word' id='word_1_40' title='bbox 786 546 820 602; x_wconf 90' lang='lat' dir='ltr'>ad</span> <span class='ocrx_word' id='word_1_41' title='bbox 837 551 991 606; x_wconf 85' lang='lat' dir='ltr'>exercitum</span> 
     </span>
     <span class='ocr_line' id='line_1_7' title="bbox 182 619 992 696; baseline -0.002 -15"><span class='ocrx_word' id='word_1_42' title='bbox 182 625 324 682; x_wconf 74' lang='lat' dir='ltr'>contendit.</span> <span class='ocrx_word' id='word_1_43' title='bbox 354 622 444 678; x_wconf 89' lang='lat' dir='ltr'>Veneti</span> <span class='ocrx_word' id='word_1_44' title='bbox 452 621 633 692; x_wconf 69' lang='lat' dir='ltr'>,reliquaeque</span> <span class='ocrx_word' id='word_1_45' title='bbox 648 620 710 676; x_wconf 86' lang='lat' dir='ltr'>item</span> <span class='ocrx_word' id='word_1_46' title='bbox 730 619 857 687; x_wconf 77' lang='lat' dir='ltr'>civitates,</span> <span class='ocrx_word' id='word_1_47' title='bbox 879 626 992 696; x_wconf 85' lang='lat' dir='ltr'>cognito</span> 
     </span>
    </p>
   </div>
   <div class='ocr_carea' id='block_1_3' title="bbox 182 694 1027 1362">
    <p class='ocr_par' dir='ltr' id='par_1_3' title="bbox 182 694 1027 1362">
     <span class='ocr_line' id='line_1_8' title="bbox 183 694 991 767; baseline -0.004 -11"><span class='ocrx_word' id='word_1_48' title='bbox 183 699 301 756; x_wconf 86' lang='lat' dir='ltr'>Caesaris</span> <span class='ocrx_word' id='word_1_49' title='bbox 311 697 435 762; x_wconf 80' lang='lat' dir='ltr'>adventu,</span> <span class='ocrx_word' id='word_1_50' title='bbox 454 695 535 750; x_wconf 87' lang='lat' dir='ltr'>simul</span> <span class='ocrx_word' id='word_1_51' title='bbox 546 695 627 767; x_wconf 91' lang='lat' dir='ltr'>quod,</span> <span class='ocrx_word' id='word_1_52' title='bbox 649 701 779 767; x_wconf 90' lang='lat' dir='ltr'>quantum</span> <span class='ocrx_word' id='word_1_53' title='bbox 793 694 823 750; x_wconf 91' lang='lat' dir='ltr'>in</span> <span class='ocrx_word' id='word_1_54' title='bbox 836 713 867 751; x_wconf 87' lang='lat' dir='ltr'>se</span> <span class='ocrx_word' id='word_1_55' title='bbox 881 695 991 753; x_wconf 88' lang='lat' dir='ltr'>facinus</span> 
     </span>
     <span class='ocr_line' id='line_1_9' title="bbox 183 768 990 844; baseline -0.005 -14"><span class='ocrx_word' id='word_1_56' title='bbox 183 772 360 837; x_wconf 79' lang='lat' dir='ltr'>admisissent,</span> <span class='ocrx_word' id='word_1_57' title='bbox 367 769 561 844; x_wconf 82' lang='lat' dir='ltr'>intellegebant,</span> <span class='ocrx_word' id='word_1_58' title='bbox 572 768 687 842; x_wconf 78' lang='lat' dir='ltr'>(legatos,</span> <span class='ocrx_word' id='word_1_59' title='bbox 695 769 767 842; x_wconf 92' lang='lat' dir='ltr'>qucd</span> <span class='ocrx_word' id='word_1_60' title='bbox 776 785 874 825; x_wconf 89' lang='lat' dir='ltr'>nomen</span> <span class='ocrx_word' id='word_1_61' title='bbox 885 772 921 826; x_wconf 89' lang='lat' dir='ltr'>ad</span> <span class='ocrx_word' id='word_1_62' title='bbox 929 790 990 826; x_wconf 88' lang='lat' dir='ltr'>cm-</span> 
     </span>
     <span class='ocr_line' id='line_1_10' title="bbox 183 842 991 916; baseline -0.002 -13"><span class='ocrx_word' id='word_1_63' title='bbox 183 866 230 902; x_wconf 85' lang='lat' dir='ltr'>nes</span> <span class='ocrx_word' id='word_1_64' title='bbox 241 847 359 902; x_wconf 89' lang='lat' dir='ltr'>nationes</span> <span class='ocrx_word' id='word_1_65' title='bbox 368 853 490 900; x_wconf 90' lang='lat' dir='ltr'>sanctum</span> <span class='ocrx_word' id='word_1_66' title='bbox 500 844 709 916; x_wconf 90' lang='lat' dir='ltr'>inviolatumque</span> <span class='ocrx_word' id='word_1_67' title='bbox 718 842 936 915; x_wconf 81' lang='lat' dir='ltr'>semperfuisset,</span> <span class='ocrx_word' id='word_1_68' title='bbox 945 866 991 902; x_wconf 88' lang='lat' dir='ltr'>re-</span> 
     </span>
     <span class='ocr_line' id='line_1_11' title="bbox 182 916 990 992; baseline 0 -16"><span class='ocrx_word' id='word_1_69' title='bbox 182 929 267 976; x_wconf 83' lang='lat' dir='ltr'>tentos</span> <span class='ocrx_word' id='word_1_70' title='bbox 277 921 311 976; x_wconf 88' lang='lat' dir='ltr'>ab</span> <span class='ocrx_word' id='word_1_71' title='bbox 321 938 350 974; x_wconf 91' lang='lat' dir='ltr'>sa</span> <span class='ocrx_word' id='word_1_72' title='bbox 361 927 387 975; x_wconf 87' lang='lat' dir='ltr'>et</span> <span class='ocrx_word' id='word_1_73' title='bbox 401 920 429 974; x_wconf 91' lang='lat' dir='ltr'>in</span> <span class='ocrx_word' id='word_1_74' title='bbox 442 918 549 974; x_wconf 87' lang='lat' dir='ltr'>vincula</span> <span class='ocrx_word' id='word_1_75' title='bbox 563 916 712 991; x_wconf 79' lang='lat' dir='ltr'>coniectos.)</span> <span class='ocrx_word' id='word_1_76' title='bbox 729 935 778 989; x_wconf 87' lang='lat' dir='ltr'>pro</span> <span class='ocrx_word' id='word_1_77' title='bbox 797 919 990 992; x_wconf 82' lang='lat' dir='ltr'>magnitudine</span> 
     </span>
     <span class='ocr_line' id='line_1_12' title="bbox 182 993 990 1067; baseline 0 -17"><span class='ocrx_word' id='word_1_78' title='bbox 182 995 293 1067; x_wconf 82' lang='lat' dir='ltr'>periculi</span> <span class='ocrx_word' id='word_1_79' title='bbox 303 993 403 1050; x_wconf 90' lang='lat' dir='ltr'>bellum</span> <span class='ocrx_word' id='word_1_80' title='bbox 412 1009 505 1064; x_wconf 84' lang='lat' dir='ltr'>parare</span> <span class='ocrx_word' id='word_1_81' title='bbox 513 1001 539 1046; x_wconf 89' lang='lat' dir='ltr'>et</span> <span class='ocrx_word' id='word_1_82' title='bbox 547 993 663 1048; x_wconf 75' lang='lat' dir='ltr'>maxime</span> <span class='ocrx_word' id='word_1_83' title='bbox 672 1009 711 1058; x_wconf 87' lang='lat' dir='ltr'>ea,</span> <span class='ocrx_word' id='word_1_84' title='bbox 723 1007 791 1064; x_wconf 85' lang='lat' dir='ltr'>quae</span> <span class='ocrx_word' id='word_1_85' title='bbox 799 993 834 1046; x_wconf 91' lang='lat' dir='ltr'>ad</span> <span class='ocrx_word' id='word_1_86' title='bbox 843 1011 929 1049; x_wconf 90' lang='lat' dir='ltr'>usum</span> <span class='ocrx_word' id='word_1_87' title='bbox 939 1013 990 1050; x_wconf 89' lang='lat' dir='ltr'>na-</span> 
     </span>
     <span class='ocr_line' id='line_1_13' title="bbox 183 1066 986 1140; baseline -0.002 -14"><span class='ocrx_word' id='word_1_88' title='bbox 183 1071 257 1128; x_wconf 73' lang='lat' dir='ltr'>uium</span> <span class='ocrx_word' id='word_1_89' title='bbox 267 1069 407 1140; x_wconf 84' lang='lat' dir='ltr'>pertinent,</span> <span class='ocrx_word' id='word_1_90' title='bbox 422 1066 559 1138; x_wconf 87' lang='lat' dir='ltr'>providere</span> <span class='ocrx_word' id='word_1_91' title='bbox 573 1066 727 1134; x_wconf 88' lang='lat' dir='ltr'>instituunt;</span> <span class='ocrx_word' id='word_1_92' title='bbox 748 1066 799 1120; x_wconf 88' lang='lat' dir='ltr'>boc</span> <span class='ocrx_word' id='word_1_93' title='bbox 811 1067 914 1123; x_wconf 86' lang='lat' dir='ltr'>maiore</span> <span class='ocrx_word' id='word_1_94' title='bbox 927 1087 986 1140; x_wconf 88' lang='lat' dir='ltr'>spe,</span> 
     </span>
     <span class='ocr_line' id='line_1_14' title="bbox 183 1139 989 1216; baseline 0.004 -20"><span class='ocrx_word' id='word_1_95' title='bbox 183 1143 255 1214; x_wconf 89' lang='lat' dir='ltr'>qucd</span> <span class='ocrx_word' id='word_1_96' title='bbox 272 1141 388 1216; x_wconf 77' lang='lat' dir='ltr'>multum</span> <span class='ocrx_word' id='word_1_97' title='bbox 402 1148 495 1196; x_wconf 88' lang='lat' dir='ltr'>natura</span> <span class='ocrx_word' id='word_1_98' title='bbox 511 1139 560 1194; x_wconf 88' lang='lat' dir='ltr'>loci</span> <span class='ocrx_word' id='word_1_99' title='bbox 576 1139 751 1196; x_wconf 84' lang='lat' dir='ltr'>confidebant.</span> <span class='ocrx_word' id='word_1_100' title='bbox 772 1139 907 1197; x_wconf 81' lang='lat' dir='ltr'>Pedestria</span> <span class='ocrx_word' id='word_1_101' title='bbox 929 1161 989 1199; x_wconf 87' lang='lat' dir='ltr'>esse</span> 
     </span>
     <span class='ocr_line' id='line_1_15' title="bbox 182 1213 989 1288; baseline -0.002 -14"><span class='ocrx_word' id='word_1_102' title='bbox 182 1217 274 1274; x_wconf 87' lang='lat' dir='ltr'>itinera</span> <span class='ocrx_word' id='word_1_103' title='bbox 285 1215 387 1272; x_wconf 89' lang='lat' dir='ltr'>concisa</span> <span class='ocrx_word' id='word_1_104' title='bbox 397 1213 542 1279; x_wconf 87' lang='lat' dir='ltr'>aestuariis,</span> <span class='ocrx_word' id='word_1_105' title='bbox 554 1214 748 1286; x_wconf 83' lang='lat' dir='ltr'>navigationem</span> <span class='ocrx_word' id='word_1_106' title='bbox 758 1213 914 1285; x_wconf 89' lang='lat' dir='ltr'>impeditam</span> <span class='ocrx_word' id='word_1_107' title='bbox 924 1235 989 1288; x_wconf 88' lang='lat' dir='ltr'>pro—</span> 
     </span>
     <span class='ocr_line' id='line_1_16' title="bbox 182 1287 1027 1362; baseline 0.002 -18"><span class='ocrx_word' id='word_1_108' title='bbox 182 1299 240 1362; x_wconf 89' lang='lat' dir='ltr'>pter</span> <span class='ocrx_word' id='word_1_109' title='bbox 249 1289 414 1344; x_wconf 79' lang='lat' dir='ltr'>inscientiam</span> <span class='ocrx_word' id='word_1_110' title='bbox 424 1287 764 1361; x_wconf 80' lang='lat' dir='ltr'>locorumpaucitatemque</span> <span class='ocrx_word' id='word_1_111' title='bbox 776 1295 905 1360; x_wconf 89' lang='lat' dir='ltr'>portuum</span> <span class='ocrx_word' id='word_1_112' title='bbox 919 1293 988 1346; x_wconf 83' lang='lat' dir='ltr'>seic-</span> <span class='ocrx_word' id='word_1_113' title='bbox 1026 1339 1027 1352; x_wconf 72' lang='lat'>,</span> 
     </span>
    </p>
   </div>
   <div class='ocr_carea' id='block_1_4' title="bbox 71 1361 987 1437">
    <p class='ocr_par' dir='ltr' id='par_1_4' title="bbox 71 1361 987 1437">
     <span class='ocr_line' id='line_1_17' title="bbox 71 1361 987 1437; baseline 0.004 -20"><span class='ocrx_word' id='word_1_114' title='bbox 71 1399 72 1406; x_wconf 58' lang='lat'>,</span> <span class='ocrx_word' id='word_1_115' title='bbox 143 1408 146 1415; x_wconf 48' lang='lat'>,</span> <span class='ocrx_word' id='word_1_116' title='bbox 167 1365 255 1430; x_wconf 36' lang='lat' dir='ltr'>,bant</span> <span class='ocrx_word' id='word_1_117' title='bbox 271 1379 356 1434; x_wconf 84' lang='lat' dir='ltr'>neque</span> <span class='ocrx_word' id='word_1_118' title='bbox 366 1369 468 1416; x_wconf 86' lang='lat' dir='ltr'>nostros</span> <span class='ocrx_word' id='word_1_119' title='bbox 477 1361 607 1418; x_wconf 84' lang='lat' dir='ltr'>exercitus</span> <span class='ocrx_word' id='word_1_120' title='bbox 616 1369 721 1436; x_wconf 84' lang='lat' dir='ltr'>propter</span> <span class='ocrx_word' id='word_1_121' title='bbox 730 1361 856 1418; x_wconf 83' lang='lat' dir='ltr'>frumenti</span> <span class='ocrx_word' id='word_1_122' title='bbox 864 1364 987 1437; x_wconf 88' lang='lat' dir='ltr'>inopiam</span> 
     </span>
    </p>
   </div>
   <div class='ocr_carea' id='block_1_5' title="bbox 179 1435 1026 2699">
    <p class='ocr_par' dir='ltr' id='par_1_5' title="bbox 179 1435 1026 2474">
     <span class='ocr_line' id='line_1_18' title="bbox 183 1435 988 1509; baseline 0.002 -16"><span class='ocrx_word' id='word_1_123' title='bbox 183 1438 283 1493; x_wconf 87' lang='lat' dir='ltr'>diutius</span> <span class='ocrx_word' id='word_1_124' title='bbox 293 1435 364 1509; x_wconf 87' lang='lat' dir='ltr'>apud</span> <span class='ocrx_word' id='word_1_125' title='bbox 376 1453 405 1492; x_wconf 92' lang='lat' dir='ltr'>se</span> <span class='ocrx_word' id='word_1_126' title='bbox 416 1436 512 1494; x_wconf 86' lang='lat' dir='ltr'>morari</span> <span class='ocrx_word' id='word_1_127' title='bbox 524 1453 610 1509; x_wconf 85' lang='lat' dir='ltr'>posse,</span> <span class='ocrx_word' id='word_1_128' title='bbox 627 1435 807 1492; x_wconf 83' lang='lat' dir='ltr'>confidebant:</span> <span class='ocrx_word' id='word_1_129' title='bbox 828 1455 859 1492; x_wconf 90' lang='lat' dir='ltr'>ac</span> <span class='ocrx_word' id='word_1_130' title='bbox 873 1438 939 1508; x_wconf 90' lang='lat' dir='ltr'>iam,</span> <span class='ocrx_word' id='word_1_131' title='bbox 956 1450 988 1495; x_wconf 92' lang='lat' dir='ltr'>nt</span> 
     </span>
     <span class='ocr_line' id='line_1_19' title="bbox 182 1511 987 1584; baseline 0.001 -16"><span class='ocrx_word' id='word_1_132' title='bbox 182 1512 271 1568; x_wconf 90' lang='lat' dir='ltr'>omnia</span> <span class='ocrx_word' id='word_1_133' title='bbox 282 1518 369 1569; x_wconf 88' lang='lat' dir='ltr'>contra</span> <span class='ocrx_word' id='word_1_134' title='bbox 379 1512 530 1584; x_wconf 84' lang='lat' dir='ltr'>opinionem</span> <span class='ocrx_word' id='word_1_135' title='bbox 540 1511 693 1577; x_wconf 88' lang='lat' dir='ltr'>acciderent,</span> <span class='ocrx_word' id='word_1_136' title='bbox 702 1520 787 1566; x_wconf 86' lang='lat' dir='ltr'>tamen</span> <span class='ocrx_word' id='word_1_137' title='bbox 796 1528 825 1566; x_wconf 89' lang='lat' dir='ltr'>sa</span> <span class='ocrx_word' id='word_1_138' title='bbox 833 1511 987 1583; x_wconf 89' lang='lat' dir='ltr'>plurimum</span> 
     </span>
     <span class='ocr_line' id='line_1_20' title="bbox 183 1584 988 1659; baseline 0.001 -17"><span class='ocrx_word' id='word_1_139' title='bbox 183 1587 297 1643; x_wconf 88' lang='lat' dir='ltr'>navibus</span> <span class='ocrx_word' id='word_1_140' title='bbox 316 1603 406 1659; x_wconf 84' lang='lat' dir='ltr'>posse:</span> <span class='ocrx_word' id='word_1_141' title='bbox 426 1587 558 1642; x_wconf 82' lang='lat' dir='ltr'>Romanos</span> <span class='ocrx_word' id='word_1_142' title='bbox 577 1603 663 1658; x_wconf 90' lang='lat' dir='ltr'>neque</span> <span class='ocrx_word' id='word_1_143' title='bbox 675 1584 759 1640; x_wconf 88' lang='lat' dir='ltr'>ullam</span> <span class='ocrx_word' id='word_1_144' title='bbox 774 1584 927 1642; x_wconf 80' lang='lat' dir='ltr'>facultatem</span> <span class='ocrx_word' id='word_1_145' title='bbox 939 1590 988 1643; x_wconf 89' lang='lat' dir='ltr'>ha-</span> 
     </span>
     <span class='ocr_line' id='line_1_21' title="bbox 182 1658 986 1736; baseline -0.001 -18"><span class='ocrx_word' id='word_1_146' title='bbox 182 1661 373 1727; x_wconf 78' lang='lat' dir='ltr'>harenarium,</span> <span class='ocrx_word' id='word_1_147' title='bbox 385 1678 471 1734; x_wconf 87' lang='lat' dir='ltr'>neque</span> <span class='ocrx_word' id='word_1_148' title='bbox 480 1678 571 1716; x_wconf 88' lang='lat' dir='ltr'>eorum</span> <span class='ocrx_word' id='word_1_149' title='bbox 581 1659 707 1724; x_wconf 90' lang='lat' dir='ltr'>locorum,</span> <span class='ocrx_word' id='word_1_150' title='bbox 714 1659 762 1714; x_wconf 87' lang='lat' dir='ltr'>ubi</span> <span class='ocrx_word' id='word_1_151' title='bbox 770 1658 872 1714; x_wconf 88' lang='lat' dir='ltr'>bellum</span> <span class='ocrx_word' id='word_1_152' title='bbox 882 1665 986 1736; x_wconf 83' lang='lat' dir='ltr'>gesturi</span> 
     </span>
     <span class='ocr_line' id='line_1_22' title="bbox 182 1733 1026 1808; baseline 0.002 -18"><span class='ocrx_word' id='word_1_153' title='bbox 182 1744 278 1801; x_wconf 88' lang='lat' dir='ltr'>essent,</span> <span class='ocrx_word' id='word_1_154' title='bbox 285 1735 360 1800; x_wconf 88' lang='lat' dir='ltr'>vada,</span> <span class='ocrx_word' id='word_1_155' title='bbox 368 1743 468 1806; x_wconf 89' lang='lat' dir='ltr'>portus,</span> <span class='ocrx_word' id='word_1_156' title='bbox 480 1734 636 1806; x_wconf 89' lang='lat' dir='ltr'>insulasque</span> <span class='ocrx_word' id='word_1_157' title='bbox 644 1734 758 1790; x_wconf 75' lang='lat' dir='ltr'>caussa:</span> <span class='ocrx_word' id='word_1_158' title='bbox 775 1733 895 1807; x_wconf 80' lang='lat' dir='ltr'>aclcnge</span> <span class='ocrx_word' id='word_1_159' title='bbox 905 1737 986 1792; x_wconf 87' lang='lat' dir='ltr'>aliam</span> <span class='ocrx_word' id='word_1_160' title='bbox 1025 1783 1026 1808; x_wconf 78' lang='lat'>,</span> 
     </span>
     <span class='ocr_line' id='line_1_23' title="bbox 182 1806 1026 1881; baseline 0.004 -17"><span class='ocrx_word' id='word_1_161' title='bbox 182 1827 240 1865; x_wconf 90' lang='lat' dir='ltr'>esse</span> <span class='ocrx_word' id='word_1_162' title='bbox 248 1809 443 1881; x_wconf 83' lang='lat' dir='ltr'>navigationem</span> <span class='ocrx_word' id='word_1_163' title='bbox 452 1808 481 1864; x_wconf 94' lang='lat' dir='ltr'>in</span> <span class='ocrx_word' id='word_1_164' title='bbox 489 1806 612 1866; x_wconf 72' lang='lat' dir='ltr'>conclamo</span> <span class='ocrx_word' id='word_1_165' title='bbox 621 1809 697 1874; x_wconf 86' lang='lat' dir='ltr'>mari,</span> <span class='ocrx_word' id='word_1_166' title='bbox 709 1817 788 1880; x_wconf 85' lang='lat' dir='ltr'>atque</span> <span class='ocrx_word' id='word_1_167' title='bbox 797 1808 988 1867; x_wconf 86' lang='lat' dir='ltr'>invastissimc</span> <span class='ocrx_word' id='word_1_168' title='bbox 1025 1829 1026 1832; x_wconf 45' lang='lat'>¹</span> 
     </span>
     <span class='ocr_line' id='line_1_24' title="bbox 182 1880 988 1954; baseline 0.006 -17"><span class='ocrx_word' id='word_1_169' title='bbox 182 1880 549 1953; x_wconf 77' lang='lat' dir='ltr'>atqueaputissimoOcaanc,</span> <span class='ocrx_word' id='word_1_170' title='bbox 559 1881 760 1954; x_wconf 85' lang='lat' dir='ltr'>perspiciebant.</span> <span class='ocrx_word' id='word_1_171' title='bbox 781 1882 828 1936; x_wconf 89' lang='lat' dir='ltr'>llis</span> <span class='ocrx_word' id='word_1_172' title='bbox 838 1882 917 1941; x_wconf 83' lang='lat' dir='ltr'>initis</span> <span class='ocrx_word' id='word_1_173' title='bbox 924 1904 988 1942; x_wconf 87' lang='lat' dir='ltr'>con-</span> 
     </span>
     <span class='ocr_line' id='line_1_25' title="bbox 182 1955 987 2032; baseline 0.006 -22"><span class='ocrx_word' id='word_1_174' title='bbox 182 1956 264 2020; x_wconf 84' lang='lat' dir='ltr'>siliis,</span> <span class='ocrx_word' id='word_1_175' title='bbox 288 1955 384 2027; x_wconf 89' lang='lat' dir='ltr'>oppida</span> <span class='ocrx_word' id='word_1_176' title='bbox 402 1956 543 2022; x_wconf 89' lang='lat' dir='ltr'>muniunt,</span> <span class='ocrx_word' id='word_1_177' title='bbox 564 1955 696 2012; x_wconf 85' lang='lat' dir='ltr'>frumenta</span> <span class='ocrx_word' id='word_1_178' title='bbox 709 1975 743 2012; x_wconf 86' lang='lat' dir='ltr'>ex</span> <span class='ocrx_word' id='word_1_179' title='bbox 758 1956 829 2030; x_wconf 83' lang='lat' dir='ltr'>agris</span> <span class='ocrx_word' id='word_1_180' title='bbox 842 1957 872 2012; x_wconf 92' lang='lat' dir='ltr'>in</span> <span class='ocrx_word' id='word_1_181' title='bbox 887 1962 987 2032; x_wconf 88' lang='lat' dir='ltr'>oppida</span> 
     </span>
     <span class='ocr_line' id='line_1_26' title="bbox 181 2029 986 2104; baseline 0.006 -20"><span class='ocrx_word' id='word_1_182' title='bbox 181 2036 360 2100; x_wconf 84' lang='lat' dir='ltr'>comportant,¹</span> <span class='ocrx_word' id='word_1_183' title='bbox 368 2047 449 2084; x_wconf 89' lang='lat' dir='ltr'>naves</span> <span class='ocrx_word' id='word_1_184' title='bbox 458 2029 487 2086; x_wconf 92' lang='lat' dir='ltr'>in</span> <span class='ocrx_word' id='word_1_185' title='bbox 500 2031 643 2096; x_wconf 78' lang='lat' dir='ltr'>Venetiam,</span> <span class='ocrx_word' id='word_1_186' title='bbox 658 2031 706 2086; x_wconf 93' lang='lat' dir='ltr'>ubi</span> <span class='ocrx_word' id='word_1_187' title='bbox 716 2030 853 2087; x_wconf 79' lang='lat' dir='ltr'>Caesarem</span> <span class='ocrx_word' id='word_1_188' title='bbox 862 2034 986 2104; x_wconf 88' lang='lat' dir='ltr'>primum</span> 
     </span>
     <span class='ocr_line' id='line_1_27' title="bbox 180 2102 984 2178; baseline 0.006 -20"><span class='ocrx_word' id='word_1_189' title='bbox 180 2102 282 2158; x_wconf 91' lang='lat' dir='ltr'>bellum</span> <span class='ocrx_word' id='word_1_190' title='bbox 320 2109 439 2160; x_wconf 84' lang='lat' dir='ltr'>asturum</span> <span class='ocrx_word' id='word_1_191' title='bbox 456 2106 598 2170; x_wconf 85' lang='lat' dir='ltr'>constabat,</span> <span class='ocrx_word' id='word_1_192' title='bbox 621 2104 845 2178; x_wconf 86' lang='lat' dir='ltr'>quamplurimas</span> <span class='ocrx_word' id='word_1_193' title='bbox 858 2118 984 2178; x_wconf 86' lang='lat' dir='ltr'>possunt,</span> 
     </span>
     <span class='ocr_line' id='line_1_28' title="bbox 179 2120 982 2250; baseline 0.002 -14"><span class='ocrx_word' id='word_1_194' title='bbox 179 2184 289 2250; x_wconf 76' lang='lat' dir='ltr'>¹cogunt.</span> <span class='ocrx_word' id='word_1_195' title='bbox 301 2120 398 2234; x_wconf 71' lang='lat' dir='ltr'>gSocios</span> <span class='ocrx_word' id='word_1_196' title='bbox 411 2178 463 2232; x_wconf 91' lang='lat' dir='ltr'>sibi</span> <span class='ocrx_word' id='word_1_197' title='bbox 476 2179 509 2236; x_wconf 92' lang='lat' dir='ltr'>ad</span> <span class='ocrx_word' id='word_1_198' title='bbox 523 2180 552 2235; x_wconf 93' lang='lat' dir='ltr'>id</span> <span class='ocrx_word' id='word_1_199' title='bbox 563 2177 665 2236; x_wconf 89' lang='lat' dir='ltr'>bellum</span> <span class='ocrx_word' id='word_1_200' title='bbox 678 2178 817 2245; x_wconf 89' lang='lat' dir='ltr'>Osismics,</span> <span class='ocrx_word' id='word_1_201' title='bbox 839 2180 982 2247; x_wconf 79' lang='lat' dir='ltr'>Lexouios,</span> 
     </span>
     <span class='ocr_line' id='line_1_29' title="bbox 181 2250 985 2328; baseline 0.004 -20"><span class='ocrx_word' id='word_1_202' title='bbox 181 2253 322 2318; x_wconf 86' lang='lat' dir='ltr'>Nannetes,</span> <span class='ocrx_word' id='word_1_203' title='bbox 342 2250 507 2320; x_wconf 78' lang='lat' dir='ltr'>Ambiliatos,</span> <span class='ocrx_word' id='word_1_204' title='bbox 528 2254 652 2318; x_wconf 87' lang='lat' dir='ltr'>Morinos,</span> <span class='ocrx_word' id='word_1_205' title='bbox 672 2253 826 2319; x_wconf 84' lang='lat' dir='ltr'>Diablintes,</span> <span class='ocrx_word' id='word_1_206' title='bbox 846 2254 985 2328; x_wconf 84' lang='lat' dir='ltr'>Menapios</span> 
     </span>
     <span class='ocr_line' id='line_1_30' title="bbox 181 2326 986 2405; baseline 0.004 -23"><span class='ocrx_word' id='word_1_207' title='bbox 181 2326 345 2383; x_wconf 87' lang='lat' dir='ltr'>adsciscunt:</span> <span class='ocrx_word' id='word_1_208' title='bbox 360 2326 459 2382; x_wconf 78' lang='lat' dir='ltr'>auxilia</span> <span class='ocrx_word' id='word_1_209' title='bbox 468 2345 502 2384; x_wconf 83' lang='lat' dir='ltr'>ex</span> <span class='ocrx_word' id='word_1_210' title='bbox 510 2328 654 2392; x_wconf 87' lang='lat' dir='ltr'>Britannia,</span> <span class='ocrx_word' id='word_1_211' title='bbox 666 2345 734 2400; x_wconf 87' lang='lat' dir='ltr'>quae</span> <span class='ocrx_word' id='word_1_212' title='bbox 743 2335 886 2384; x_wconf 85' lang='lat' dir='ltr'>contraeas</span> <span class='ocrx_word' id='word_1_213' title='bbox 897 2332 986 2405; x_wconf 81' lang='lat' dir='ltr'>regic-</span> 
     </span>
     <span class='ocr_line' id='line_1_31' title="bbox 181 2402 537 2474; baseline 0.003 -19"><span class='ocrx_word' id='word_1_214' title='bbox 181 2419 229 2456; x_wconf 88' lang='lat' dir='ltr'>nes</span> <span class='ocrx_word' id='word_1_215' title='bbox 239 2402 323 2474; x_wconf 81' lang='lat' dir='ltr'>posita</span> <span class='ocrx_word' id='word_1_216' title='bbox 333 2408 380 2468; x_wconf 87' lang='lat' dir='ltr'>ast,</span> <span class='ocrx_word' id='word_1_217' title='bbox 392 2412 537 2458; x_wconf 85' lang='lat' dir='ltr'>arcessunt.</span> 
     </span>
    </p>

    <p class='ocr_par' dir='ltr' id='par_1_6' title="bbox 181 2473 986 2699">
     <span class='ocr_line' id='line_1_32' title="bbox 235 2473 986 2551; baseline 0.005 -21"><span class='ocrx_word' id='word_1_218' title='bbox 235 2475 272 2530; x_wconf 90' lang='lat' dir='ltr'>X.</span> <span class='ocrx_word' id='word_1_219' title='bbox 292 2476 374 2532; x_wconf 84' lang='lat' dir='ltr'>Erant</span> <span class='ocrx_word' id='word_1_220' title='bbox 383 2476 432 2533; x_wconf 89' lang='lat' dir='ltr'>hae</span> <span class='ocrx_word' id='word_1_221' title='bbox 442 2475 608 2533; x_wconf 82' lang='lat' dir='ltr'>difficultates</span> <span class='ocrx_word' id='word_1_222' title='bbox 618 2473 680 2530; x_wconf 92' lang='lat' dir='ltr'>belli</span> <span class='ocrx_word' id='word_1_223' title='bbox 689 2475 807 2550; x_wconf 82' lang='lat' dir='ltr'>gerendi,</span> <span class='ocrx_word' id='word_1_224' title='bbox 823 2493 893 2548; x_wconf 86' lang='lat' dir='ltr'>quas</span> <span class='ocrx_word' id='word_1_225' title='bbox 903 2495 986 2551; x_wconf 87' lang='lat' dir='ltr'>supra</span> 
     </span>
     <span class='ocr_line' id='line_1_33' title="bbox 181 2548 985 2626; baseline 0.007 -25"><span class='ocrx_word' id='word_1_226' title='bbox 181 2548 360 2620; x_wconf 89' lang='lat' dir='ltr'>ostendimus;</span> <span class='ocrx_word' id='word_1_227' title='bbox 381 2551 428 2606; x_wconf 87' lang='lat' dir='ltr'>scd</span> <span class='ocrx_word' id='word_1_228' title='bbox 442 2549 526 2607; x_wconf 90' lang='lat' dir='ltr'>multa</span> <span class='ocrx_word' id='word_1_229' title='bbox 539 2551 676 2606; x_wconf 86' lang='lat' dir='ltr'>Caesarem</span> <span class='ocrx_word' id='word_1_230' title='bbox 689 2557 777 2626; x_wconf 60' lang='lat' dir='ltr'>umen</span> <span class='ocrx_word' id='word_1_231' title='bbox 791 2549 825 2604; x_wconf 93' lang='lat' dir='ltr'>ad</span> <span class='ocrx_word' id='word_1_232' title='bbox 839 2550 868 2605; x_wconf 92' lang='lat' dir='ltr'>id</span> <span class='ocrx_word' id='word_1_233' title='bbox 881 2551 985 2607; x_wconf 91' lang='lat' dir='ltr'>bellum</span> 
     </span>
     <span class='ocr_line' id='line_1_34' title="bbox 181 2621 984 2699; baseline 0.007 -23"><span class='ocrx_word' id='word_1_234' title='bbox 181 2621 337 2682; x_wconf 86' lang='lat' dir='ltr'>incitabant:</span> <span class='ocrx_word' id='word_1_235' title='bbox 359 2626 471 2684; x_wconf 87' lang='lat' dir='ltr'>iniuriae</span> <span class='ocrx_word' id='word_1_236' title='bbox 479 2634 639 2684; x_wconf 88' lang='lat' dir='ltr'>retentorum</span> <span class='ocrx_word' id='word_1_237' title='bbox 651 2625 772 2699; x_wconf 87' lang='lat' dir='ltr'>oquitum</span> <span class='ocrx_word' id='word_1_238' title='bbox 786 2623 984 2697; x_wconf 68' lang='lat' dir='ltr'>Romanorum,</span> 
     </span>
    </p>
   </div>
   <div class='ocr_carea' id='block_1_6' title="bbox 0 0 1036 2996">
    <p class='ocr_par' dir='ltr' id='par_1_7' title="bbox 0 0 1036 2996">
     <span class='ocr_line' id='line_1_35' title="bbox 0 0 1036 2996; baseline 0 1"><span class='ocrx_word' id='word_1_239' title='bbox 0 0 1036 2996; x_wconf 95' lang='lat' dir='ltr'> </span> 
     </span>
    </p>
   </div>
  </div>
 </body>
</html>
