2072 2998
165 163 213 219 lut
368 170 417 216 DE
439 169 563 217 BELLO
588 169 755 218 eunuco

164 285 247 342 quam
256 269 285 325 L.
297 269 390 325 Roscio
401 270 428 323 in
443 270 637 341 pacatissimam
650 278 676 324 et
688 267 880 341 quietissimam
901 285 967 340 par«-

164 353 217 399 tem
227 345 373 400 ducendam
382 343 494 417 dederat)
503 343 624 398 millibus
633 359 762 415 passuum
776 337 882 398 centuni
897 360 966 399 con-
1024 359 1025 384 ³

164 420 321 476 tinebantur.
352 421 410 491 lpse
432 420 540 484 interea,
566 419 653 490 quoad
675 418 789 492 legiones
810 416 967 473 collocasset
1025 446 1026 454 κ

164 496 320 568 munitaque
332 495 441 550 hiberae
455 494 628 568 cognovisset,
647 493 673 547 in
688 493 772 548 Gallia
787 493 882 547 morari
897 509 968 548 corr·
1025 533 1026 536 ,

163 571 258 626 stituit.
1025 623 1026 626 ,

220 643 306 698 XXV.
325 640 966 714 Eratini'arnutibussummoloconatusTasge-
1025 647 1026 650 ’

143 767 148 784 ,
165 721 228 784 tius,
240 717 317 773 cuius
327 719 437 772 maiores
448 717 475 772 in
488 734 536 772 sua
546 717 770 790 civitateregnum
780 716 965 772 obtinuerant.
1018 688 1023 773 l

164 794 232 849 Huic
241 792 344 868 Caesar,
361 810 408 863 pro
417 793 474 846 eius
488 793 584 846 virtute
597 799 675 864 atque
688 793 716 846 in
730 807 758 846 se
772 789 963 853 benivolentia,

165 867 236 940 quod
246 866 272 921 in
283 867 408 921 omnibus
418 866 493 921 bellis
503 866 632 940 singulari
641 867 697 920 eius
706 883 783 938 opera
790 864 874 920 luerat
881 882 962 930 usus,

165 943 293 998 maiorum
308 939 393 995 locum
409 942 563 996 restituerat.
588 942 704 996 Tertium
714 941 766 996 iam
776 940 848 995 buno
858 957 963 995 annum

165 1024 317 1090 regnantem
326 1016 426 1072 inimici
437 1016 533 1088 palam,
555 1016 646 1072 multis
659 1016 737 1070 etiam
751 1033 785 1070 ox
798 1014 904 1070 civitate
914 1033 966 1070 au·
1017 974 1023 1081 l

164 1090 288 1154 oloribus,
305 1107 365 1146 eum
380 1090 571 1146 iuterfecerunt.
591 1090 708 1146 Defertur
720 1107 749 1145 ea
764 1107 805 1144 ros
819 1089 852 1144 ad
866 1089 966 1145 Caesa-

165 1182 231 1221 rem.
252 1163 416 1230 llleveritus‚
433 1165 547 1238 quodad
556 1164 646 1239 plures
655 1165 808 1239 pertinebat,
825 1180 858 1219 ne
867 1165 965 1220 civitas

164 1257 255 1295 eorum
266 1239 384 1312 impulsu
398 1240 526 1303 deficeret,
547 1241 578 1295 L.
591 1241 715 1296 Plancum
729 1255 790 1294 oum
809 1237 915 1312 legione
929 1257 965 1295 ex

114 1310 117 1326 '
165 1314 254 1388 Belgio
266 1315 381 1370 celeriter
391 1315 418 1370 in
428 1315 555 1372 Carnutes
568 1316 698 1388 proficisci
711 1315 784 1369 iubet
798 1314 888 1386 ibique
904 1314 966 1369 hie·

166 1407 250 1457 mare;
272 1406 440 1463 quorumque
453 1407 529 1462 opera
543 1391 693 1464 cognoverit
709 1388 858 1463 Tasgetium
880 1389 966 1446 inter-

165 1464 271 1530 iectum,
292 1465 340 1521 hos
359 1462 560 1539 comprehensos
577 1465 610 1520 ad
623 1483 652 1520 se
666 1465 777 1519 mittere.
802 1463 910 1518 Interim
929 1463 966 1520 ab

164 1541 290 1597 omuibus
301 1539 392 1616 legatis
398 1541 642 1614 quaestoribusque,
650 1539 748 1612 quibus
755 1538 869 1612 legiones
875 1546 968 1594 trans-

164 1615 274 1676 diderat.
285 1617 377 1672 certior
385 1615 468 1672 lactus
477 1625 525 1681 est,
538 1615 566 1670 in
575 1615 684 1670 biberna
695 1622 850 1690 perventum
860 1611 967 1670 locum-

165 1707 218 1764 que
227 1691 346 1746 bibernis
354 1708 411 1746 esse
420 1692 564 1746 munitum.

220 1766 316 1820 xxvl.
337 1766 435 1822 Diebus
443 1766 544 1820 circiter
553 1765 612 1828 XV,
628 1763 728 1836 quibus
738 1763 766 1818 in
775 1761 885 1828 hiberna
896 1779 967 1818 veu-
1020 1766 1024 1775 '

165 1847 224 1894 tum
234 1849 281 1905 est,
303 1839 410 1894 initium
425 1839 554 1911 repentini
566 1838 697 1894 tumultus
712 1855 742 1892 ao
754 1836 907 1892 delectionis
920 1855 966 1892 or·

165 1921 223 1967 tum
233 1921 274 1967 est
282 1913 315 1967 ab
325 1912 476 1988 Ambiorige
485 1922 510 1968 et
522 1913 666 1969 Cativoloo:
687 1912 733 1986 qui
748 1929 832 1984 quum
847 1911 881 1966 ad
894 1912 966 1968 lines
1023 1976 1026 1991 .

166 1987 241 2058 regni
251 1985 293 2040 sui
301 1986 544 2060 SebinoCottaeque
553 1998 655 2060 praesto
663 1987 774 2042 luissent
785 1986 967 2042 frumentum·
1023 2004 1026 2043 l

166 2073 219 2133 que
238 2059 266 2114 in
284 2059 392 2115 hiberna
412 2063 652 2134 comportavissent,
672 2061 842 2118 Indutiomari
860 2061 964 2117 Treviri
1023 2048 1026 2085 ⁵

166 2135 271 2190 nunciis
280 2133 400 2205 impulsi,
414 2153 477 2191 suos
486 2138 689 2203 eoncitaverunt,
705 2137 845 2208 subitoque
854 2153 967 2209 oppres-

165 2210 204 2265 sis
214 2208 395 2284 lignatoribus,
402 2225 498 2283 magna
508 2229 589 2266 manu
599 2221 681 2267 castra
690 2219 872 2285 oppugnatum
882 2229 966 2268 vene-

166 2293 236 2342 runt.
257 2283 347 2352 erum
356 2281 471 2342 celeriter
481 2288 562 2342 nostri
573 2303 645 2341 arma
658 2287 789 2357 cepissent
806 2284 967 2358 vallumque
1029 2285 1030 2298 ¹

167 2359 363 2417 adscendissent
379 2367 467 2434 atque,
487 2379 540 2416 una
554 2377 588 2416 ex
602 2369 676 2433 parte
688 2360 812 2433 Hispanis
825 2359 967 2434 equitibus

167 2435 281 2501 emissis,
297 2437 412 2508 equestri
424 2435 523 2509 proelio
532 2436 679 2507 superiores
688 2435 807 2501 luissent,
827 2433 967 2508 desperata

167 2527 204 2576 re,
217 2511 305 2566 hostes
315 2509 348 2566 ab
356 2511 550 2586 oppugnatione
563 2527 625 2565 suos
640 2509 810 2565 reduxerunt.
831 2509 902 2566 Tum
916 2527 968 2567 suo

168 2601 240 2640 mom
255 2585 490 2651 conclamaverunt,
510 2584 550 2640 uti
564 2583 646 2657 aliqui
665 2599 699 2639 ex
718 2583 813 2640 nostris
832 2583 865 2639 ad
885 2583 969 2640 collo-

168 2677 270 2734 quium.
283 2661 430 2733 prodirent;
451 2661 548 2718 babere
564 2677 631 2727 sese,
652 2675 721 2734 quae
738 2659 771 2714 de
787 2675 815 2713 re
827 2661 967 2716 communi

1017 1523 1027 1561 pl
