2072 2998
169 169 218 229 226
368 175 419 222 DE
440 177 563 222 BELLO
587 177 755 223 GALLICO

187 274 305 332 robibere
314 274 415 330 bostem
425 283 521 330 tentare
533 276 625 347 eoepit.
644 276 756 332 Flumen
770 275 893 332 infimam
903 278 963 334 ral-

169 293 220 406 iem
230 349 370 415 dividebat,
391 367 458 420 quae
469 357 552 406 totum
565 367 646 421 paene
657 359 772 406 montem
783 351 918 425 cingebat,
933 355 961 408 in

169 425 591 556 iffi‘ufflffliffl‘ii
605 425 961 572 idiiiissipssiibffi

169 575 207 630 sie
215 575 286 630 enim
296 574 323 628 in
334 574 395 628 imis
405 572 536 628 radicibus
548 574 644 628 montis
658 573 795 640 ferebatur,
813 583 845 629 ut
857 543 960 632 nullani

170 651 197 706 in
206 657 306 723 partem
318 647 447 734 depressis
459 646 537 704 fossis
549 648 661 703 derivari
677 656 772 720 posset.
793 649 858 705 Erat
872 660 960 706 auum

171 721 963 870 fliissflidfisdiffiiiffiidiiiffiffibbiffi.

170 889 222 946 que
230 872 301 926 adira
313 870 420 936 flumen,
433 889 520 944 nequa
531 873 612 928 arduo
626 890 654 928 se
667 873 779 944 recipere
791 884 904 944 possent
917 875 962 930 ad-

170 962 274 1002 scensu.
294 945 351 1012 Qua
360 945 511 1002 difficultate
519 964 608 1002 eorum
617 947 728 1020 cognita,
736 947 841 1014 Caesar,
853 950 962 1034 sagitta-

171 1021 217 1078 riis
226 1018 455 1092 funditoribusque
464 1021 606 1093 dispositis,
617 1023 751 1077 tormentis
759 1023 838 1077 etiam
847 1025 964 1096 quibus-

170 1095 231 1150 dam
246 1093 308 1149 loeis
322 1103 409 1150 eontra
423 1094 560 1152 facillimos
573 1096 713 1152 daooensus
728 1096 870 1164 collocatis,
893 1117 962 1172 aqua

106 1233 117 1241 ,
171 1169 288 1226 fluminis
296 1170 450 1242 prohibebat
463 1172 616 1241 oppidanos.
636 1188 750 1243 quorum
767 1173 856 1227 omnis
873 1183 962 1246 postea

170 1242 311 1300 multitudo
321 1254 445 1316 aquatum
455 1261 538 1300 unum
550 1244 673 1300 inlocum
682 1245 862 1301 eonveniebat.

189 1365 192 1376 .
223 1319 294 1374 XLI.
314 1317 369 1374 Sub
379 1318 466 1390 ipsum
475 1321 547 1374 enim
556 1320 644 1391 oppidi
655 1338 762 1376 murum
772 1338 888 1394 magnus
903 1322 963 1378 fons

170 1411 253 1468 aquae
262 1394 455 1466 prorumpebat,
468 1395 501 1448 ab
509 1411 539 1449 ea
547 1403 628 1465 parte,
644 1394 772 1466 quaesere
784 1395 885 1468 pedum
899 1398 962 1454 CCC

172 1467 307 1529 intervallo
321 1468 438 1524 fluminis
451 1469 561 1524 circuitu
575 1469 699 1530 vacabat..
715 1471 768 1526 Hoo
783 1469 854 1526 fonte
872 1472 962 1544 probi-
1022 1539 1023 1544 ἵ

172 1545 225 1602 beri
244 1561 323 1618 posse
338 1544 480 1617 oppidanos
501 1561 586 1616 quum
607 1553 723 1616 optarent
741 1544 844 1616 reliqui,
868 1545 963 1602 Caesar
1022 1555 1023 1560 ’

172 1639 243 1676 unus
252 1621 359 1688 videret,
372 1620 500 1693 eregione
509 1620 565 1674 eius
574 1619 664 1674 vineas
670 1637 745 1692 agere
752 1619 880 1675 adversus
887 1639 964 1677 mon-

173 1707 233 1760 tem,
248 1704 273 1751 et
282 1713 388 1770 aggeres
397 1695 525 1750 instruere
537 1695 629 1765 eoepit,
650 1711 747 1768 magno
760 1711 821 1748 cum
836 1693 926 1751 labore
939 1703 962 1751 et

171 1771 294 1826 continua
312 1769 485 1824 dimicatione.
509 1767 640 1841 Oppidani
653 1770 733 1833 enim,
755 1768 810 1824 loeo
828 1772 962 1842 superiora
1022 1823 1023 1846 ,

171 1845 344 1909 decurrentes,
359 1845 462 1900 eminus
472 1844 529 1900 sine
538 1843 652 1915 periurio
667 1843 870 1914 praeliabantur,
893 1845 961 1901 mul-

171 1926 264 1990 tosqrte
273 1919 435 1990 pertinaciter
445 1919 610 1974 suoeedentes
624 1917 808 1982 vulnerabant;
829 1928 861 1973 ut
877 1923 959 1975 tamen

172 2009 224 2046 non
235 1993 423 2046 deterrerentur
435 1993 530 2048 milites
544 1993 625 2048 nostri
639 1993 728 2047 vineas
741 1991 864 2064 proferre,
886 2005 961 2067 atque

171 2066 293 2137 operibus
303 2066 406 2120 vincere
416 2065 533 2122 looorum
542 2066 716 2124 difficultates.
735 2067 834 2122 Eodem
847 2077 961 2141 temporo

173 2147 250 2195 tectos
263 2139 398 2194 cuniculos
408 2141 441 2194 ab
450 2142 535 2196 vineis
546 2151 629 2215 agunt
641 2143 673 2198 ad
691 2150 769 2214 eaput
780 2140 869 2203 sontis.
891 2144 960 2216 quod

172 2233 255 2346 arar
373 2214 961 2365 raram

173 2367 270 2438 pedum
280 2365 327 2430 IX,
342 2363 481 2419 collocatur
493 2365 520 2420 in
535 2383 565 2420 eo
580 2367 660 2420 turris
670 2367 697 2421 X
708 2365 895 2433 tabulatorum,
910 2385 960 2422 non

173 2441 281 2512 quidem
291 2457 358 2513 quae
368 2440 506 2494 moenibus
515 2439 678 2510 adaequaret,
690 2439 726 2513 (id
734 2441 805 2496 enim
812 2441 961 2514 nuilisope·

174 2515 248 2570 ribus
257 2515 324 2570 effici
334 2513 438 2587 poterat)
447 2513 494 2570 sed
503 2531 571 2586 quaa
580 2525 712 2584 superaret
724 2513 803 2570 sontis
816 2513 960 2590 iusu'giunr.

174 2589 215 2642 Ex
224 2607 253 2643 ea
263 2607 348 2661 quum
360 2589 409 2645 tela
423 2589 558 2644 tormentis
571 2588 715 2644 iacerentur
727 2589 760 2644 ad
773 2588 852 2645 fontis
866 2591 959 2656 aditus,

175 2677 221 2718 nac
231 2663 288 2726 sina
296 2663 413 2734 periculo
424 2672 530 2737 possent
544 2661 667 2735 adaquari
682 2663 819 2737 oppidani3
836 2681 894 2722 non
907 2673 961 2721 tan-
