2042 3004
214 123 508 235 araxauponao,
538 158 676 242 eabae.
790 165 834 219 itt

42 280 150 335 semiper
164 263 192 318 ia
206 263 396 334 rempublicam
406 265 540 339 singulare
552 269 700 323 constiterat
711 268 837 336 officium,

42 338 174 412 dispersis
183 335 333 393 Ocuvianis
346 341 460 394 navibtas
470 348 524 396 erat
532 342 639 413 potitus,
659 351 689 396 ut
702 343 744 398 vel
756 344 839 399 classa

43 414 172 470 dimicare
185 419 280 486 posset,
303 414 433 469 adIunctis
451 417 560 487 captivis
573 416 687 471 navibus
700 417 837 473 soci0rum.
865 439 866 442 ¹

41 491 88 554 Et,
101 505 187 561 quum
200 487 380 542 diversissima
392 497 464 560 parte
478 486 549 545 orius
559 499 687 549 terrarum
698 491 749 547 Cn.
761 493 849 547 Pom-1

42 565 139 637 peium
152 562 247 618 Caesar
260 563 343 618 victor
355 572 516 636 sequeretur,
536 564 736 637 compluresque
746 566 839 620 adver-

44 637 169 695 sariosi1a
183 635 318 710 Illyricum
333 647 438 710 propter
445 639 838 712 Macedoniaepropinquitatem

45 733 85 777 se,
98 711 219 783 reliquiis
230 727 263 766 ex
275 709 337 784 Iuga
346 712 615 778 collectis,contuiisse
624 715 733 778 audiret,
742 714 840 770 litteras

44 787 82 844 ad
93 785 238 842 Gabinium
246 786 334 851 mittit,
350 789 388 842 uti
397 805 460 843 eum
470 788 618 862 legionibus
627 790 753 854 tironum,
770 807 838 861 quae

45 875 134 934 nuper
146 868 220 914 crant
236 863 403 934 conscriptae,
426 863 630 934 proficisceretur
647 864 674 918 in
689 863 834 938 Illyricum,

1 993 2 1008 ,
44 935 247 1007 coniunctisque
259 937 341 1008 copiis
355 954 417 992 cum
426 937 459 1004 Q.
473 937 624 1003 Comitum,
645 939 668 992 si
683 937 755 1012 quod
769 939 839 1010 pori-

1 1067 2 1072 ,
45 1011 140 1068 culum
157 1009 471 1081 proviaciacinienetur,
496 1012 646 1085 depelleret:
675 1013 717 1068 sin
735 1029 765 1068 ea
784 1029 836 1067 noa

45 1084 397 1218 mitatem
405 1086 838 1236 protuberabat

45 1234 199 1366 Quium
216 1233 267 1290 Cn.
286 1234 423 1306 Pompeio,
442 1233 542 1289 ballum
561 1235 763 1291 instauratorem
781 1253 838 1292 essa

1 1409 2 1416 ,
104 1383 197 1438 XLIII.
217 1381 357 1446 Gabinius,
376 1390 407 1437 ut
424 1383 453 1438 ia
471 1380 606 1456 Illyricum
624 1384 705 1445 uenit,
729 1383 839 1439 hiberno

46 1469 166 1530 tempore
176 1458 238 1514 anai
253 1455 407 1522 occitania,
428 1458 483 1511 siae
496 1454 664 1527 copiosiorem
677 1458 839 1530 provinciam

1 1533 213 1602 ,existimans
230 1532 287 1585 sius
296 1530 412 1586 multum
425 1530 543 1585 fortunae
551 1531 656 1585 victoris
666 1531 783 1587 Caesaris
792 1533 840 1585 tri-
915 1551 920 1567 .
1019 1593 1020 1612 χ

1 1605 3 1624 ⁸
45 1612 145 1670 buaas,
157 1606 213 1660 siae
223 1605 319 1660 uirtute
327 1611 352 1659 ot
362 1606 468 1660 scientia
480 1605 659 1670 suamnfisus,
672 1623 753 1677 quam
763 1623 840 1676 saepe

1 1683 2 1694 ¹
46 1687 76 1738 ia
96 1679 174 1736 bellis
193 1679 362 1752 periclitatus,
381 1697 492 1753 magnas
509 1697 551 1734 res
567 1687 594 1734 at
613 1680 745 1736 secundas
758 1679 839 1736 ductu

1 1781 2 1830 3
47 1755 278 1828 auspicioquosuo
286 1761 409 1826 gesserat,
424 1771 509 1826 neque
517 1754 665 1826 provinciae
674 1753 840 1810 facultatibus

1 1835 3 1844 ’
47 1827 246 1892 sublevabatur,
266 1843 334 1900 quae
344 1830 438 1899 partim
451 1837 504 1883 erat
513 1829 654 1894 exinanita,
674 1829 840 1901 parIIminfi—
861 1887 868 1892 ,

1 1911 2 1918 ’
46 1905 129 1971 dalis;
150 1911 237 1975 neque
255 1903 378 1969 navibus,
399 1903 537 1960 intercluso
551 1903 618 1958 mari
631 1904 837 1975 tempestatibus,

46 1985 211 2038 commeatus
221 1978 369 2050 supportari
379 1986 489 2050 poterat,
510 1975 666 2052 magnisque
679 1978 840 2036 difficultati-

47 2058 100 2112 bus
110 2060 224 2118 coaotus,
235 2070 288 2108 aon
298 2061 329 2108 ut
337 2052 448 2117 volebat,
459 2051 506 2108 sed
514 2061 544 2110 ut
553 2069 657 2108 necesse
665 2063 727 2120 erat,
738 2053 838 2110 bellum

47 2129 168 2204 gerebat:
193 2145 333 2202 quumque
350 2128 501 2184 durissImis
520 2129 717 2200 tempestatibus
735 2130 840 2202 propter

50 2203 167 2274 inopiam
176 2201 279 2258 castella
293 2212 339 2259 aut
352 2203 447 2276 oppida
459 2219 612 2277 expugnare
620 2211 761 2278 cogeretur,
784 2223 841 2258 crc-

49 2279 99 2334 bro
118 2278 280 2332 incommoda
298 2279 451 2351 accipiebat:
490 2277 606 2350 adeoque
625 2287 664 2334 ast
685 2295 700 2333 a
721 2278 840 2332 barbaris

49 2359 206 2415 contemtus
217 2361 256 2418 ut,
270 2351 392 2408 Salonam
404 2370 433 2410 se
444 2353 571 2425 requiaas
580 2354 608 2407 in
622 2352 750 2424 oppidum
760 2353 842 2406 mari-

48 2429 157 2489 timum,
180 2425 251 2497 quod
269 2428 341 2482 cives
358 2428 467 2483 Romani
485 2426 621 2483 fortissimi
640 2425 842 2496 fidelissimique

50 2500 207 2564 Incolebaat,
220 2498 248 2554 in
258 2503 362 2574 angne
371 2501 494 2557 dimicare
503 2503 537 2556 sit
546 2509 657 2562 coactus.
677 2499 735 2565 Quo
743 2498 842 2571 proelio

50 2577 155 2633 duobus
165 2574 284 2629 millibus
294 2575 407 2630 militum
418 2575 533 2648 amplius
547 2574 661 2639 amissis,
682 2574 842 2628 centurioni-

51 2655 102 2710 bus
111 2649 379 2724 duodequadraginta,
396 2651 509 2720 tribunis
522 2658 643 2728 quatuor,
661 2665 722 2704 cum
731 2647 842 2722 reliquis
