2044 2992
199 123 248 178 5¹8
500 132 550 177 DE
568 132 690 179 BELLO

200 229 283 286 miliia
292 247 419 304 passuum
428 239 493 285 osto.
518 231 590 298 Quae
606 249 647 286 res
662 249 761 306 magno
774 243 830 288 arat
844 234 990 290 adiumento

200 304 347 377 oppidanis.
361 305 429 358 Tum
439 313 566 377 praeterea
577 307 721 368 accedebat,
730 317 761 361 ut
770 325 853 381 agger
863 311 990 364 materies·

200 398 261 452 que,
281 379 351 434 unde
364 380 453 434 solitae
465 390 527 436 sunt
538 388 623 434 turres
636 382 689 454 agi,
711 383 823 454 propius
838 383 925 439 miliia
937 401 990 456 pas

202 471 281 510 sunm
292 455 326 509 Vl
340 471 391 509 non
407 453 607 525 reperiebantur.
637 455 838 528 AePompeius.
860 467 893 513 ut
909 459 988 530 oppidi

201 529 420 604 oppugnationem
442 529 562 583 tutiorem
584 527 704 592 efflueret,
727 547 838 585 omnem
862 535 988 588 materiem

201 607 300 659 circum
309 603 435 676 oppidum
446 604 573 658 succisam
583 604 651 658 intro
660 606 801 677 oongessit.
830 607 870 661 Ita
881 623 988 662 neemss-

201 681 241 734 rio
255 678 448 734 deducebantur
466 678 555 742 nostri,
577 685 606 732 ut
624 678 760 746 aidunda,
781 681 860 752 quod
878 683 987 754 proxime

202 761 329 826 oeperunt,
342 753 474 808 materiem
483 751 528 807 ilio
537 752 706 824 deportarent

257 827 335 881 XLII.
354 828 423 881 Dum
437 827 501 881 haso
518 827 551 881 ad
564 825 689 884 Mundam
702 835 838 898 geminius
858 837 887 883 et
905 829 988 884 Ursao-

203 919 272 965 nem,
288 901 389 966 Caesar,
401 918 486 972 quum
496 919 511 955 a
521 901 639 956 Gadibus
652 901 685 956 ad
694 901 828 972 Hispalim
841 920 872 958 se
888 904 986 975 mspis

203 987 249 1037 set,
271 976 419 1046 insequenti
431 976 483 1042 die,
504 975 625 1031 ooneione
637 974 773 1040 advocata,
795 985 985 1038 commemorat

202 1056 276 1108 initio
290 1059 443 1120 quaesturae
451 1069 514 1106 sune
523 1067 579 1106 eom
586 1055 747 1120 montorium
761 1067 796 1105 ee
805 1056 986 1120 omnebuspro

201 1131 295 1182 oiueiis
300 1129 457 1194 peculiarem
469 1127 520 1180 sibi
534 1129 692 1180 constituisse
704 1133 736 1189 et,
756 1141 826 1193 quoe
832 1131 986 1194 potuissetis

203 1211 320 1270 tempore,
341 1203 460 1270 beneficio
474 1203 596 1269 turpitude
612 1217 675 1254 esse.
702 1200 855 1268 Insequenti
870 1210 985 1269 praestare

203 1278 435 1344 ampliateironere,
454 1277 599 1344 eeetspniim
620 1289 686 1344 quoe
693 1273 813 1330 Meteilus
824 1279 982 1342 imposuisset..

203 1352 320 1407 oseudtu
336 1355 429 1420 petisse
447 1357 471 1403 et
489 1355 526 1404 eis
541 1353 658 1418 pecuniis
671 1350 839 1416 'prouectum
860 1351 983 1404 liberasse

203 1429 335 1496 eimuique,
349 1429 494 1492 patrocinio
504 1431 627 1492 suscepto,
647 1425 734 1486 multis
744 1425 983 1491 deuotionibuseise
1002 1423 1003 1467 i

203 1507 232 1557 iu
240 1507 355 1556 seruatam
365 1503 483 1560 induetis,
490 1501 566 1553 simui
571 1501 690 1566 publicae
697 1501 870 1566 priuatusque
880 1513 982 1556 ooussus,

203 1579 341 1632 multorum
355 1577 496 1630 inimicitiis
508 1577 644 1640 susceptis,
658 1575 813 1640 defendisse:
832 1575 983 1626 suetonis

204 1653 338 1706 consulatu
346 1651 479 1711 absentem,
491 1665 556 1716 quae
561 1652 692 1716 potuisset,
705 1649 838 1702 commode
843 1650 984 1714 pseustius
1000 1669 1001 1684 r

204 1729 337 1780 tribuisse:
356 1725 561 1777 eorumemuium
571 1723 755 1775 commodorum
766 1737 820 1774 esse
831 1729 857 1774 et
866 1725 984 1775 immerso

203 1817 253 1864 ree,
265 1809 289 1853 et
297 1804 412 1868 ineratus
425 1802 453 1852 in
462 1813 488 1851 se
497 1805 521 1850 et
534 1801 563 1850 iu
574 1799 698 1864 populum
706 1795 859 1858 Roneouum,
875 1798 923 1850 iseo
932 1797 983 1848 tetis

204 1883 227 1928 et
238 1879 266 1928 in
272 1877 413 1942 praeterito
426 1880 535 1940 tempore
545 1887 671 1940 eopuosse.
705 1869 760 1932 Vos,
775 1872 836 1924 iura
849 1875 958 1939 peruium
967 1877 983 1919 tt
999 1883 1000 1967 p

205 1953 299 2002 ciuium
311 1949 482 2002 Romanorum
499 1949 624 2000 institutis
642 1948 761 2013 capnitis,
783 1960 857 1998 mere
869 1947 982 2000 tortore

203 2039 270 2083 rum,
283 2024 374 2090 popuii
387 2022 494 2075 Romani
506 2021 699 2090 mopistretibua
710 2023 889 2072 saerosanctis
904 2032 982 2072 manus

204 2098 280 2152 semei
298 2103 322 2149 et
339 2100 443 2164 saepius
460 2097 605 2160 adtulistis;
624 2101 650 2148 et
669 2097 724 2146 lure
743 2093 818 2146 eiuro
835 2091 950 2147 &seium
962 2097 982 2144 in

204 2171 286 2224 medio
297 2174 354 2239 soro
368 2174 466 2238 uesano
478 2171 620 2239 interficere
632 2171 756 2222 notuistis.
792 2165 841 2220 Vos
854 2171 895 2221 itu
906 2182 982 2235 posen

204 2261 302 2312 semper
311 2245 408 2307 odistis,
427 2251 456 2297 ut
465 2247 537 2300 auito
547 2253 656 2312 tempore
669 2245 778 2310 ieyioues
791 2243 891 2295 desitne
904 2241 983 2310 popuii
997 2227 998 2302 i

204 2319 313 2374 uomens
321 2323 349 2373 iu
358 2321 406 2372 due
413 2322 549 2386 ρνουίηοία
557 2319 652 2372 haberi
672 2317 746 2386 Apud
759 2331 805 2368 voe
818 2317 982 2386 beneficiarius

203 2393 345 2462 maleficiis,
364 2395 546 2461 molefieiopro
561 2393 831 2462 beneficiisitubentur.
861 2389 905 2444 ite
916 2404 982 2458 neque

204 2469 233 2518 in
243 2471 294 2520 otio
304 2469 474 2528 eoncordiem,
489 2482 569 2534 neque
580 2469 607 2519 ia
617 2467 809 2520 bettooirtutem
819 2465 875 2517 ulio
885 2473 982 2532 tempore

203 2545 314 2593 retinere
318 2544 449 2607 potuistis.
469 2539 589 2594 Privatus
600 2557 635 2594 ee
648 2546 710 2610 supe
723 2537 767 2593 On.
782 2537 918 2606 Pompeius
931 2543 983 2593 odo

204 2613 301 2666 teeeens
313 2631 331 2667 e
339 2617 410 2668 vebis
419 2621 543 2682 receptus,
562 2619 647 2683 [oseas
659 2619 845 2682 imperiumque
857 2617 908 2668 sibi
921 2615 985 2668 odri-

992 2841 994 2933 i
