2072 2998
309 177 379 224 LIB.
392 177 446 224 vn.
475 179 555 224 CAP.
569 179 611 224 23.
802 179 849 232 ⁴63

50 279 132 336 falces
142 275 307 341 avertebant,
323 293 389 348 quas
402 294 487 350 quum
502 277 701 344 destinaverant,
717 285 850 339 tormentis

52 345 185 410 introrsus
197 350 372 420 reducebant3
393 360 418 406 et
434 369 555 426 aggerem
571 353 700 410 cuniculis
713 355 851 412 subtrahe-

51 431 163 494 bant,eo
171 425 392 496 scientiusquod
399 427 468 498 apud
475 444 518 482 eos
528 445 639 501 magnae
649 437 712 484 sunt
720 428 849 498 ferrariae,

50 514 131 577 atque
141 517 225 558 omne
233 517 322 574 genus
331 499 512 555 cuniculorum
525 512 617 558 notum
631 511 710 575 atqm
723 505 850 560 usitatum

47 588 95 636 est.
117 579 218 634 Totum
228 583 318 630 autern
328 592 435 630 murum
445 577 558 631 exomni
572 587 644 649 parte
657 579 775 634 turribus
788 597 851 636 con-

46 652 239 710 tabulaverant
251 659 333 722 atque
345 649 393 704 has
406 650 482 704 coriis
496 651 650 708 intererant.
671 655 739 709 Tum
752 655 850 710 crebris

48 727 157 784 diurnis
165 725 362 794 nocturnisque
370 725 550 794 eruptionibus
560 728 701 802 autaggeri
711 729 799 802 ignem
807 730 850 784 in-

47 802 179 866 ferebant,
199 806 248 855 aut
261 797 360 852 milites
373 806 509 870 occupatos
522 800 551 856 in
567 818 644 873 opere
652 802 848 871 adoriebantur,

47 889 73 934 et
83 883 242 934 nostrarum
255 872 372 927 turrium
385 873 557 940 altitudinem,
577 884 706 948 quantum
720 877 768 934 has
782 895 850 951 quo-

45 953 170 1010 tidianus
184 965 267 1023 agger
276 956 446 1018 expresserat,
460 951 607 1005 commissis
616 968 725 1006 suarum
734 955 849 1008 turrium

45 1027 139 1093 malis,
161 1023 362 1096 adaequabant3
382 1029 408 1077 et
420 1031 520 1096 apertos
537 1025 671 1080 cuniculos
689 1037 809 1098 praeusta
824 1035 849 1084 et

43 1107 193 1177 praeacuta
204 1097 316 1152 materia
329 1104 354 1151 et
366 1097 423 1168 pios
435 1096 569 1154 fervefacta
583 1108 607 1154 et
622 1102 732 1156 maximi
750 1103 848 1176 ponde-

44 1181 85 1234 ris
94 1176 173 1231 saxis
183 1173 367 1237 morabantur,
375 1172 563 1246 moenibusque
573 1174 780 1250 adpropinquare
789 1195 848 1250 pro-

44 1251 191 1308 hibebant.
755 1246 757 1254 ’

108 1323 209 1378 xxm.
232 1321 321 1376 biuris
340 1329 426 1376 autem
445 1322 569 1378 omnibus
590 1322 697 1380 Gallicis
715 1325 778 1380 haec
796 1325 848 1382 iere
883 1360 895 1378 .-

45 1401 141 1458 forma
150 1405 197 1452 cst.
216 1396 317 1451 Trabes
327 1395 445 1461 directae,
458 1405 596 1468 perpetuae
605 1398 632 1451 in
647 1397 845 1471 longitudinem,

44 1472 166 1549 paribus
180 1469 327 1528 intervallis
342 1469 466 1526 distantes
485 1472 553 1525 inter
570 1489 598 1524 se
615 1471 692 1526 binos
710 1475 799 1543 pedes,
819 1475 848 1529 in

44 1550 109 1607 solo
127 1546 303 1613 collocantur,
325 1545 375 1599 hae
389 1546 569 1600 revinciuntur
586 1546 714 1600 introrsus
728 1553 752 1600 et
766 1546 848 1602 multo

44 1640 150 1700 aggere
160 1622 323 1678 vestiuntur.
342 1619 380 1674 Ea
389 1628 485 1683 autem,
497 1637 564 1692 quae
574 1619 700 1686 diximus,
712 1620 848 1678 intervalla

44 1697 204 1775 grandibus
219 1697 250 1751 in
265 1693 351 1750 fronte
367 1695 439 1749 saxis
457 1695 632 1750 effarciuntur.
652 1694 699 1749 His
719 1694 848 1750 collocatis

46 1784 76 1830 et
86 1770 289 1844 coagmentatis,
310 1767 566 1840 aliusinsuperordo
580 1769 708 1835 adiicitur,
729 1776 759 1823 ut
778 1769 847 1824 idem

46 1845 125 1904 illud
143 1844 312 1900 intervallum
330 1850 456 1909 servetur,
476 1861 561 1916 neque
576 1843 643 1899 inter
656 1861 685 1899 se
697 1844 848 1918 contingant

45 1923 151 1987 trabes,
175 1919 221 1974 sed
232 1918 344 1991 paribus
359 1918 521 1973 intermissae
533 1919 632 1990 spatiis,
653 1918 773 1993 singulae
791 1920 847 1974 sin-

43 1997 126 2074 gulis
137 1995 212 2050 saxis
225 1992 375 2057 interiectis,
391 1999 445 2047 arte
457 1993 646 2050 contineantur.
669 1993 713 2050 Sic
725 1993 846 2066 deinceps

43 2087 131 2130 ornne
149 2086 219 2141 opus
237 2067 393 2133 contexitur,
414 2066 480 2122 dum
500 2069 568 2124 iusta
587 2068 657 2122 muri
675 2068 783 2124 altitudo
801 2088 847 2124 ex-

43 2149 165 2222 plessem.
187 2144 242 2198 Hoc
250 2157 337 2214 quum
346 2142 496 2213 inspeciem
508 2143 709 2216 varietatemque
722 2161 789 2216 opus
802 2145 864 2200 de·'

45 2224 138 2279 iorrne
153 2235 208 2274 non
221 2225 270 2280 cst,
293 2213 530 2272 alternistrabibus
543 2235 574 2272 ac
587 2219 666 2282 saxis,
687 2236 756 2290 quae
772 2219 847 2272 rectis

42 2297 130 2355 lineis
149 2309 215 2348 suos
236 2289 343 2345 ordines
357 2297 473 2359 servant3
493 2298 550 2346 tum
564 2292 597 2348 ad
612 2292 746 2348 utilitatem
764 2297 788 2346 et
802 2291 848 2346 do·

42 2371 200 2428 sensionem
222 2364 334 2420 urbium
358 2381 490 2421 summam
515 2366 593 2422 babet
614 2366 844 2438 opportunitatom;

44 2445 125 2520 quod
143 2450 172 2498 et
185 2441 220 2496 ab
234 2437 356 2494 incendio
366 2438 440 2510 lapis,
461 2447 486 2494 et
498 2439 531 2494 ab
544 2442 622 2496 ariete
634 2439 741 2494 materia
760 2437 848 2492 deien-

43 2522 96 2586 dit,
120 2533 202 2590 quae,
223 2511 358 2591 perpetuis
372 2514 489 2570 trabibus
505 2514 583 2586 pedes
595 2513 776 2586 quadragenos
793 2511 849 2582 ple-

44 2591 312 2664 rumqueintrorsus
321 2587 443 2656 revincta,
453 2586 537 2662 neque
545 2587 688 2662 perrumpi,
701 2601 786 2657 neque
794 2584 849 2639 dis-

45 2669 120 2725 trahi
130 2671 225 2740 potest.
