2072 2998
159 137 208 190 436
360 141 413 186 ΒΕ
431 141 557 187 BELLO
578 141 748 188 Gnumco

157 241 332 312 ornniumqua
343 257 433 296 rerum
445 239 543 296 hahent
555 240 761 296 immunitatem.
781 239 874 296 Tantis
888 243 962 296 exti-

158 315 205 372 tati
215 315 350 388 praemiis,
361 323 445 370 etsua
454 322 547 386 sponte
555 314 670 370 multiin
679 311 849 385 disciplinam
863 331 962 370 nonve

109 421 115 464 ¹.
158 391 246 456 niunt,
267 397 294 444 et
305 407 321 444 a
333 389 487 462 parantibus
501 389 712 462 propinquisque
726 388 879 443 mittuntur.
903 391 959 445 dla-

112 473 114 492 ²
158 482 244 539 gnum
254 464 292 520 ibi
300 481 443 520 numerum
452 480 579 520 versuum
587 461 848 518 odisoeradiuuntur:
871 464 962 536 itaque

104 603 106 606 ¹
159 556 244 594 annos
252 537 375 594 nonnulli
385 538 491 594 vioenos
499 538 528 594 in
536 536 676 610 disciplina
684 544 849 608 permanent
867 539 961 610 Neque

160 612 200 668 las
209 630 267 668 asse
278 612 438 677 existimant,
454 629 485 667 aa
497 612 589 668 littaris
598 611 733 677 mandare,
752 627 840 683 quum
855 612 886 668 in
899 613 961 668 reli-

160 685 285 758 quisiere
292 687 381 752 rebus,
401 685 516 758 publicis
527 687 692 758 privatisque
699 685 857 750 rationibus,
878 686 960 742 Graa-

109 819 112 824 ,
160 763 199 816 cis
207 766 316 815 utantur
323 759 426 816 littaris.
445 760 477 816 ld
489 761 558 816 mihi
570 761 677 816 duabus
689 759 725 816 de
735 760 838 814 naumis
852 759 961 816 institu-

160 836 213 890 issa
221 833 358 903 videntum
378 834 451 906 quod
468 835 593 908 usquein
609 834 723 909 uulgum
737 833 908 905 disciplinam
922 835 961 892 ei-

150 907 222 980 ¹ferri
236 906 327 973 velint,
348 909 701 982 nequeeos‚1q11idisoant.
722 908 815 964 litteris
834 909 958 974 mnfisos,
1026 975 1027 978 Ἴ

160 982 252 1036 minus
261 983 403 1037 memoriae
415 983 533 1040 studere:
554 983 627 1056 quod
639 983 693 1040 iere
705 982 841 1054 plerisque
855 984 957 1048 adddit,
1026 1003 1027 1024 i

160 1063 191 1110 ut
207 1055 339 1127 praesidio
358 1055 503 1112 litterarum
516 1058 682 1132 diligentiam
699 1058 727 1112 in
744 1057 920 1128 perdiscendo
931 1073 961 1114 ao

160 1130 316 1186 memoriam
325 1131 467 1188 remittant.
487 1134 516 1188 ln
527 1133 622 1204 primis
631 1133 682 1188 hoo
690 1129 784 1187 volunt
791 1133 957 1202 persuadere,

161 1223 215 1261 non
225 1205 331 1260 interire
341 1205 454 1271 animas,
473 1207 520 1261 sod
531 1207 566 1261 ab
577 1207 637 1262 aliis
650 1213 711 1278 post
723 1213 835 1260 mortem
848 1208 962 1262 uanaire

63 1323 72 1340 .
161 1279 195 1334 ad
208 1278 287 1336 alios:
308 1287 387 1353 atque
401 1281 451 1336 hoo
468 1281 585 1336 mamma
597 1281 633 1336 ad
645 1281 771 1337 virtutem
783 1281 891 1336 exuturi
910 1299 961 1353 pu-

160 1363 226 1420 tant,
241 1362 316 1410 metu
326 1355 419 1410 mortis
433 1355 558 1430 neglecto.
577 1355 661 1412 Multa
676 1363 807 1427 materen
819 1355 854 1410 de
867 1356 963 1412 sideri-

160 1429 214 1484 hus
223 1436 302 1502 atque
310 1447 403 1486 eorum
413 1439 495 1496 motu,
514 1431 547 1486 de
559 1430 656 1486 mundi
668 1446 700 1486 ao
712 1437 842 1484 terrarum
855 1431 962 1504 magni-

160 1503 264 1569 tudino,
274 1505 307 1560 da
316 1523 405 1560 rerum
415 1514 516 1570 natura,
532 1505 566 1560 da
573 1505 683 1560 deorum
693 1503 886 1574 immortalium
895 1506 923 1562 ri
932 1521 962 1562 ac
1026 1525 1027 1550 l

161 1586 286 1649 potestate
294 1579 463 1653 disputantot
473 1579 604 1636 iuventuti
611 1578 759 1636 transdunt

89 1677 92 1692 ·
217 1653 278 1708 XV.
298 1653 417 1710 Alterum
435 1672 521 1728 genus
539 1661 580 1710 est
596 1653 726 1740 equitum.
755 1651 798 1717 lli,
816 1669 904 1724 qurum
920 1664 961 1738 est
1026 1653 1027 1724 l

163 1725 963 1886 itilllilldttltdtlltlttlttiittt

163 1874 275 1928 iniurias
290 1874 423 1942 inferrent,
444 1883 491 1930 aut
506 1875 593 1931 illatas
611 1874 803 1949 propulsarent)
820 1891 915 1930 omnm
934 1893 962 1930 in

161 1945 232 2000 bello
246 1957 397 2004 versantur:
424 1957 504 2020 atque
516 1966 609 2005 eorum
627 1949 791 2022 utquisque
807 1956 849 2004 est
865 1967 964 2024 genere

163 2020 300 2090 copiisque
308 2019 500 2094 amplissimus,
519 2024 556 2078 ita
568 2023 699 2096 plurimos
711 2024 812 2080 circum
825 2039 856 2078 so
869 2023 964 2083 amba·
1025 2037 1027 2122 4

162 2101 217 2148 etos
227 2092 387 2167 clientesque
394 2095 501 2168 hahent
512 2097 965 2172 llanounamgratiampotantiom-
1026 2129 1027 2146 ι

163 2184 216 2240 que
228 2175 366 2223 noverunt

217 2241 291 2298 xvi.
310 2242 389 2298 Natio
400 2251 439 2299 est
455 2245 543 2301 omnis
555 2243 693 2302 Gallorum
711 2243 857 2301 admodum
875 2241 964 2302 dediti

163 2315 353 2390 religionibus;
373 2319 495 2390 alqueob
504 2337 563 2375 eam
575 2337 707 2384 naussum,
726 2319 776 2394 qui
791 2326 855 2374 sunt
868 2320 965 2376 adieoti

162 2391 330 2464 gravioribus
339 2393 449 2458 morbis,
456 2393 503 2465 qui
542 2393 595 2448 ein
604 2394 711 2465 proeliis
720 2391 967 2466 periculisrpmver-
1026 2435 1027 2466 p

163 2471 265 2530 santur,
276 2473 380 2538 autpro
388 2467 503 2523 victimis
531 2467 633 2522 omines
648 2467 795 2530 immolant,
809 2474 856 2521 aut
868 2486 900 2522 sa
913 2469 965 2525 im·
1026 2471 1027 2488 ¹

163 2537 308 2594 molaturos
317 2549 414 2598 vovent
425 2540 641 2612 administrisque
653 2541 688 2595 ad
700 2559 731 2596 ea
744 2541 872 2596 sacrificia
885 2543 967 2598 Drui-

164 2608 244 2666 dibus
254 2620 380 2686 utuntur;
401 2615 482 2690 quod,
503 2632 552 2690 pro
565 2617 619 2671 rita
638 2615 755 2670 hominis
774 2615 827 2670 nisi
844 2615 967 2673 hominis
1026 2631 1027 2640 ¹
