2072 2998
294 141 367 188 LIB.
380 140 422 188 vl.
452 141 531 188 CAP.
545 141 586 188 dl.
600 142 643 188 41.
813 139 861 194 ill

68 248 147 298 unt
165 240 299 296 Nemoest
311 247 366 296 tem
379 237 463 304 lortis,
480 239 548 311 quin
556 239 594 294 rei
603 239 716 296 novitate
727 243 863 312 perturbe-

69 325 122 372 tur.
139 314 261 379 liurbari,
269 313 348 387 signe
356 313 445 384 procul
455 313 808 388 onnspicnu,0ppugnui0ne
816 317 862 372 de-

69 393 177 448 serunt:
197 388 302 444 redisse
315 387 404 459 primo
414 387 528 460 legiones
541 388 660 454 metunt,
680 388 861 464 quuslongius
882 443 888 454 ,

67 465 220 522 disoessima
236 480 273 518 ex
293 461 403 532 enpuvtn
420 471 605 536 cognoverant:
624 471 724 534 poema,
744 462 862 535 dospeem

63 541 203 614 paucitate,
217 555 254 594 ex
263 537 391 592 omnibus
402 537 519 607 partibus
529 537 655 608 impetum
666 536 773 594 ludunt.

119 616 176 670 XL.
196 612 312 670 Calones
331 613 360 666 iu
373 611 524 682 proximum
537 611 671 668 tumulum
688 622 859 684 procurrunt.

65 689 129 744 bine
140 687 260 744 celeriter
268 685 363 742 deiecti
376 703 405 740 se
418 685 445 742 in
459 687 535 759 signa
546 687 747 760 manipulosque
755 688 862 743 ooniiei-

65 769 127 822 unt:
145 780 177 820 eo
194 763 285 836 megis
299 758 407 814 timidos
419 769 560 832 perterrent
572 761 677 818 milites.
694 761 756 829 tbi,
778 779 861 818 euneo

65 837 128 894 laeto
144 846 176 894 ut
193 835 316 892 eeleriter
334 843 514 906 perrumpant,
533 844 646 901 eonsent,
666 827 792 908 quodiam
805 845 859 918 tupn

62 909 858 1056 teutobodusdldbtnttllllt

184 1029 191 1052 ι
699 1029 705 1043 ·
723 1047 727 1060 ,
773 1028 781 1054 r

62 1064 125 1137 iugo
144 1062 294 1118 oomistant
312 1066 392 1130 etque
408 1059 529 1114 eumdem
540 1075 641 1116 omnes
659 1059 742 1116 ieram
759 1079 858 1118 essum.

62 1139 225 1193 llooveteres
238 1151 294 1190 non
307 1133 419 1204 probent
432 1133 536 1198 milites,
550 1150 617 1206 quos
631 1135 683 1190 sub
696 1135 793 1192 vexillo
805 1155 859 1192 una

63 1212 189 1284 polenos
198 1209 354 1266 doeuirnus.
374 1209 463 1280 ltaque
476 1209 543 1264 inter
555 1225 584 1264 se
597 1209 731 1275 oobortatr',
751 1211 817 1266 duee
826 1212 857 1268 C.

66 1287 203 1350 Trebonio,
213 1284 309 1358 equite
319 1283 446 1349 Romano,
458 1283 504 1355 qui
516 1283 554 1338 eis
562 1291 617 1340 erat
624 1285 795 1356 praepositus,
812 1303 859 1358 per

64 1359 262 1416 mediosbostes
272 1365 450 1430 perrumpunt
458 1355 655 1428 incolumesque
663 1359 695 1414 ad
708 1377 791 1416 uuum
801 1378 858 1416 om·

63 1435 149 1492 nesin
157 1443 240 1490 cestra
249 1431 417 1506 perveniunt.
430 1433 481 1488 llos
491 1432 624 1486 subsecuti
634 1431 736 1492 colones
745 1435 860 1506 equites-

62 1527 117 1584 que
134 1509 226 1566 eodem
241 1511 346 1578 irnpetu
363 1505 477 1562 militum
490 1507 588 1562 virtute
605 1515 751 1562 serventur.
779 1509 814 1564 bt
827 1509 856 1574 ii,

61 1586 110 1658 qui
123 1585 151 1640 in
163 1585 228 1658 iugo
237 1581 417 1647 eonstitersnt,
429 1579 590 1638 nullo-ettam
601 1597 673 1636 nune
683 1598 733 1636 usu
742 1582 778 1636 rei
788 1582 860 1638 mili-

61 1660 127 1715 taris
136 1667 267 1732 percepto,
284 1672 374 1728 nerpue
381 1657 408 1712 iu
418 1674 457 1722 eo,
473 1654 545 1728 qued
554 1654 734 1726 probaverant,
750 1655 859 1712 oonsilio

63 1751 224 1808 permanere,
248 1739 280 1787 ut
298 1748 328 1784 se
348 1729 403 1786 loeo
421 1730 554 1802 superiore
572 1728 750 1795 defenderent,
772 1747 859 1802 neque

64 1825 224 1880 eom,qunm
234 1803 368 1880 proluisse
377 1805 436 1860 aliis
445 1807 502 1862 vim
511 1804 719 1878 eeleritatemque
728 1805 856 1872 viderant,

62 1884 158 1938 imitari
177 1887 337 1958 potuerunt3
364 1880 419 1945 sed,
435 1897 464 1936 se
482 1880 509 1936 in
529 1888 612 1936 eastra
630 1881 742 1952 resipere
762 1882 856 1948 eonati,

62 1959 186 2032 iniquum
203 1959 233 2014 in
251 1957 341 2011 lotum
357 1953 524 2012 demiserunt.
544 1955 728 2022 Centuriones,
744 1973 859 2030 quorum

62 2033 185 2090 nonnulli
195 2028 549 2088 errinlerioribusordinibus
559 2030 858 2106 reliquerumlsgionum

61 2109 167 2164 virtutis
176 2123 274 2163 mussa
284 2104 313 2160 in
328 2105 473 2176 superiores
485 2112 558 2160 erant
570 2105 675 2164 ordines
684 2107 764 2164 buius
777 2107 785 2162 l
821 2109 859 2162 io«

61 2185 103 2240 nis
121 2183 283 2258 transducti,
305 2195 340 2234 ne
360 2187 418 2234 ante
437 2187 537 2251 portem
557 2181 595 2236 rei
613 2181 734 2238 militaris
753 2182 796 2237 lau
831 2198 858 2236 m

61 2259 221 2322 emitterent,
235 2253 380 2310 fortissime
388 2263 536 2328 pugnantes
548 2255 723 2314 conciderunt.
744 2256 858 2312 Militum

61 2350 132 2404 pars,
153 2333 255 2388 borum
269 2329 368 2384 virtute
381 2330 510 2386 submotis
522 2330 652 2395 hostibus,
675 2337 775 2401 praeter
784 2345 858 2398 spem

61 2407 206 2464 incolumis
220 2405 251 2462 in
263 2411 349 2460 eastra
361 2404 491 2477 pervenit;
511 2421 572 2478 pers
585 2419 601 2461 a
613 2403 732 2462 bmbnris
746 2401 859 2469 dmum·

62 2490 140 2538 venta
200 2480 240 2535 tt.
405 2487 408 2492 '

115 2499 208 2612 iiiiii¹
211 2552 349 2619 Germani,
361 2551 494 2626 despermu
503 2552 697 2626 expugnatione
705 2555 857 2613 uestrorum,

63 2631 251 2706 quodnnsmoe
260 2629 316 2685 iam
325 2628 471 2687 ooneitisse
484 2628 513 2684 in
522 2624 716 2769 munitionligrus
724 2621 857 2687 videbunt,

683 2715 700 2770 2
