2042 3004
233 179 468 244 ‘nnmerum
493 177 573 226 cnr.
587 179 630 226 21.
790 173 840 228 tls

44 280 135 346 alasse,
148 277 295 345 Gallorum,
306 277 469 336 Rhodiorum
478 277 696 352 epibatarumque
705 295 807 333 armare
816 285 841 334 et

42 357 71 411 in
85 361 168 410 costra
182 371 297 421 avocare,
318 354 367 419 uti,
388 354 411 408 si
427 361 528 427 posset,
550 353 641 410 eadem
655 354 767 418 ratione,
787 369 841 425 qua

43 429 196 496 adversarii,
215 428 282 485 levis
296 435 428 484 armatura
441 429 575 485 interiectu
587 429 655 484 inter
666 427 767 500 equites
777 443 840 482 suos

42 505 264 578 interponeretur:
296 504 492 578 sagittariisque
513 521 547 560 ax
567 503 693 559 omnibus
715 500 838 568 navibus,

40 581 145 654 byrele,
158 579 243 654 Syriis
253 586 278 634 et
289 580 419 652 cuiusque
427 579 531 654 generis
541 577 627 634 ductis
637 578 665 633 in
674 584 759 632 cestra
768 592 841 631 conr-

41 653 177 730 pluribus,
198 651 380 726 irequentohet
398 672 461 709 suas
478 655 580 726 copias:
605 651 737 728 (audiebat
756 652 838 716 enim,

42 728 193 800 Scipionem
206 736 265 800 post
278 729 348 785 diem
362 729 470 786 tertium
483 730 541 785 eius
556 727 618 794 dieb
629 745 694 802 *quo
706 725 840 802 ¹proelium

41 801 215 870 faetumerat‚
236 804 455 878 adpropinquare,
476 805 564 877 rapias
579 821 715 876 suaseum
724 801 840 858 Labieno

42 886 69 934 et
86 877 186 934 Petreio
198 879 366 952 ooniuugere‚
386 880 463 935 cuius
476 875 566 952 copiae
579 877 714 954 legionum
728 884 794 944 ooto,
816 883 841 932 et

41 955 164 1026 equitum
184 954 266 1009 trium
286 953 403 1017 millium
421 971 480 1010 essa
498 954 700 1030 nunciabantur)
713 951 840 1026 officinas

40 1029 164 1096 ferrerius
174 1027 312 1094 instruere,
324 1030 432 1104 sagittas
440 1029 553 1102 telaque,
569 1030 609 1085 uti
619 1031 711 1086 tierent
718 1027 841 1102 complu-

40 1123 80 1170 ra,
98 1121 203 1171 curare,
218 1103 328 1178 glandes
339 1101 458 1170 fundere,
474 1103 554 1158 sudes
567 1120 727 1176 oomprmm,
741 1104 840 1159 litteras

16 1216 17 1244 2
40 1180 71 1236 in
81 1177 198 1234 Siciliam
209 1179 373 1250 nunciusque
382 1178 529 1244 mitterent
538 1177 591 1233 sibi
599 1185 682 1234 crates
691 1180 841 1235 materiem-

16 1291 17 1322 3
41 1271 97 1326 que
105 1260 274 1327 congererent
283 1252 318 1308 ed
327 1253 428 1319 arietes,
440 1253 517 1308 ouius
526 1253 615 1325 inopia
623 1254 651 1309 in
661 1252 748 1309 Africa
758 1263 839 1308 esset:

16 1363 17 1400 ᾗ
41 1335 176 1403 praeterea
188 1326 288 1383 terrum
297 1327 494 1401 plumbumque
503 1327 658 1383 mitteretur.
678 1329 712 1382 Et
720 1329 841 1384 animum

16 1423 18 1452 1
42 1403 123 1458 etlam
133 1402 291 1469 advertebat,
304 1403 473 1458 frumentosa
483 1401 616 1467 inAfrice,
633 1402 686 1458 nisi
696 1402 842 1474 importati-

16 1515 17 1540 r
43 1479 89 1544 tio,
106 1476 307 1550 utinonposse:
328 1477 415 1550 priore
424 1477 495 1532 euim
505 1493 583 1542 anno,
604 1483 710 1548 propter
720 1476 842 1532 adversa—

41 1554 145 1610 riorum
159 1551 280 1618 dileotus,
300 1551 374 1625 quod
387 1551 550 1623 stipendiarii
565 1559 676 1606 aratores
691 1550 787 1606 milites
801 1567 843 1605 es-

16 1647 18 1694 t
41 1626 186 1698 sentinati,
199 1644 313 1682 messem
328 1643 381 1682 uon
391 1643 448 1682 esse
458 1625 566 1681 factam:
586 1632 718 1699 praeterea
727 1624 842 1681 exomni

16 1739 18 1774 r
41 1702 132 1760 Airioa
141 1700 306 1756 frumentum
318 1700 482 1756 adversarios
494 1699 523 1756 in
536 1717 620 1773 pauca
633 1701 729 1773 oppidu
739 1707 764 1755 et
775 1700 843 1755 hene

16 1815 18 1850 ,
41 1775 149 1834 munita
158 1782 343 1846 comportasse,
359 1791 519 1848 omnemque
528 1776 662 1854 regionem
674 1774 776 1832 Africae
785 1776 843 1830 exi-

16 1889 18 1920 ,
41 1851 152 1910 nouisse
161 1848 307 1905 frumento:
327 1849 432 1922 oppida,
447 1856 693 1922 praetermorem,
710 1867 778 1923 quae
789 1848 842 1922 ip'si

16 1989 17 1996 χ
40 1928 100 1984 suis
110 1923 251 1998 praesidiis
260 1924 328 1980 tueri
337 1931 464 1998 poterant,
472 1924 573 1996 reliqua
582 1925 652 1980 dirui
662 1932 740 1998 atque
749 1924 839 1994 deleri;

16 2037 17 2072 Ξ
40 2011 174 2059 eteorum
193 1999 292 2056 incolas
306 2000 375 2057 intra
387 2017 436 2056 sua
451 1999 581 2072 praesidia
598 2001 714 2076 ooegisse
730 2001 842 2058 commi-

16 2141 17 2144 *
40 2089 132 2152 grare;
154 2093 232 2150 agros
242 2075 357 2132 desertos
367 2082 519 2132 aevastatos
529 2092 597 2132 esse.
784 2137 787 2150 ι

98 2149 175 2206 ΧΧΙ.
195 2152 249 2218 llao
260 2152 412 2208 neeessitate
421 2151 516 2208 Caesar
527 2157 639 2218 ooaotus,
658 2150 774 2224 privatos
785 2167 842 2206 am-

42 2222 142 2282 biendo
161 2232 187 2280 et
202 2225 300 2294 blande
320 2226 477 2300 adpellundo
498 2225 694 2300 aliquantulum
716 2225 841 2280 frumenti

43 2295 211 2376 [numerum]
229 2300 256 2355 in
275 2319 324 2358 suu
342 2301 472 2374 praesidia
491 2308 656 2376 congesserat
674 2308 700 2355 et
717 2317 748 2354 eo
766 2314 843 2370 parce

40 2373 174 2430 utebatur.
209 2371 292 2444 Opera
306 2377 411 2432 interim
426 2380 483 2448 ipse
497 2377 615 2448 quotidie
622 2375 761 2431 circumire
775 2371 844 2428 etad

41 2459 134 2506 ternas
153 2445 317 2504 eohortes'in
337 2449 446 2506 statione
467 2451 578 2516 habere,
603 2456 707 2522 propter
725 2447 843 2503 bostium

42 2521 257 2580 multitudinem.
287 2524 419 2580 Labienus
428 2525 532 2580 saucios
543 2541 615 2589 suos,
631 2539 748 2596 quorum
757 2522 843 2577 mexi-

42 2617 107 2654 mus
117 2613 246 2652 numerus
255 2596 314 2663 fuit,
330 2598 402 2654 iubet
415 2601 444 2656 in
457 2600 563 2672 plostris
578 2598 704 2673 deligatus
713 2597 845 2653 Adrume-

42 2681 104 2730 tum
119 2671 258 2746 deportari.
279 2674 365 2731 Nares
379 2675 485 2732 interim
495 2674 614 2732 Caesaris
628 2673 761 2730 onerariae
774 2689 845 2729 erra-
