2072 2998
329 141 441 188 ΜΒΝ.
472 143 554 190 cau.
569 145 628 191 ao.
683 157 687 165 ·
845 143 878 196 95
907 121 910 132 ¹

73 241 199 298 omuibus
209 239 244 296 ad
253 240 436 294 Britannicum
449 241 551 296 bellum
561 241 642 296 rebus
653 245 818 314 eompnatia,
833 247 878 302 iu·

74 316 256 372 dutiomarum
268 317 303 368 ed
312 329 344 368 se
353 330 415 368 oum
430 313 550 370 duoeuus
562 315 702 372 obsidibus
716 318 806 374 venire
822 319 878 376 ius·
901 329 905 337 ²

72 392 114 446 sit
133 391 182 445 His
191 387 326 452 adductis,
341 387 414 442 iniis
427 387 482 443 filio
494 390 706 462 propinquisque
719 391 777 446 eius
791 399 878 450 omni-

70 466 131 530 bus,
143 480 215 536 quos
226 461 386 518 nominatim
395 472 556 529 evocaverat,
565 462 714 520 consolatus
721 463 878 522 indutioma-

67 553 131 596 rnm
140 539 319 608 hortatusque
332 541 381 601 est,
401 537 440 591 uti
455 537 582 594 insiticio
595 547 773 610 pmmnneret:
793 539 891 626 ⁰¹5¹&

66 624 159 670 umen
169 611 268 676 secius¹
282 609 450 682 prineipibus
459 612 627 668 Trevirorum
636 613 671 670 ad
679 631 709 670 se
717 615 876 681 conventis,

66 689 120 744 hos
139 685 300 771 singillatim
323 684 485 758 Cingetorigi
504 686 666 744 oonriiiavit:
695 687 768 760 quod
789 705 875 761 quum

67 761 165 819 merito
173 779 234 816 erus
243 760 277 816 ab
287 776 318 814 se
327 759 385 814 fieri
395 759 641 833 intellegendum
650 761 741 836 magni
751 763 876 822 iuteresse

64 835 259 900 arbitremur,
282 834 342 890 eius
360 835 538 890 auctoritatem
552 835 621 892 inter
632 853 695 893 suos
715 855 797 910 quam
814 838 876 910 piu·

64 913 172 968 rimum
182 908 287 975 ¹ualere,
307 907 386 963 errius
403 917 458 964 tam
471 910 604 983 egregiam
618 911 647 968 in
665 929 694 966 se
712 911 874 970 voluntatem

63 984 259 1059 perspexisset.
289 982 321 1038 id
339 980 439 1038 iaotum
455 985 571 1056 graviter
589 985 649 1042 tulit
665 985 872 1052 Indutiomarus.

64 1078 148 1118 suam
161 1059 276 1132 gratiam
288 1057 358 1114 inter
370 1074 433 1113 suos
446 1059 543 1124 minui,
562 1066 597 1124 et,
616 1061 665 1133 qui
679 1060 732 1116 iem
746 1069 807 1118 aute
820 1062 873 1121 iui-

64 1137 140 1192 mioo
153 1135 184 1190 in
199 1150 249 1188 nos
262 1132 354 1188 animo
366 1130 469 1199 fuisset,
487 1133 572 1190 multo
589 1135 699 1209 gravius
717 1134 767 1192 boo
783 1135 873 1194 dolore

64 1209 179 1266 exarsit.

126 1283 157 1338 V.
178 1281 225 1336 His
238 1279 320 1336 rebus
336 1281 493 1348 eonstitutis,
514 1281 608 1338 Caesar
622 1282 656 1340 ad
668 1290 773 1356 portum
792 1285 872 1342 itium

66 1355 294 1430 mmisgionibus
303 1356 432 1426 pervenit.
453 1357 872 1432 lbiooguoscit,LXuaves‚quae

67 1435 100 1488 in
109 1429 202 1487 Meldis
212 1429 293 1486 iactae
306 1436 391 1495 erant,
411 1437 563 1502 tempestate
574 1432 691 1496 reiectas,
710 1449 820 1488 oursum
834 1441 873 1488 te·

64 1523 133 1564 nere
144 1519 198 1562 uon
213 1505 333 1577 ptotuisse
346 1510 425 1575 auus
437 1505 539 1570 eodem,
559 1505 631 1560 unde
648 1513 722 1560 mant
734 1506 871 1576 proiectae,

63 1581 223 1638 revertisse:
244 1578 362 1650 reliquas
372 1586 474 1650 paratas
483 1579 517 1634 ad
526 1578 707 1652 navigandum
723 1585 802 1650 atque
813 1596 873 1634 om-

63 1657 157 1714 nibus·
172 1653 253 1710 rebus
271 1653 414 1710 instructas
431 1654 540 1710 invenit.
565 1652 666 1708 Eodem
675 1653 755 1708 totius
772 1652 873 1709 Galliae

62 1731 204 1805 equitatus
219 1727 352 1793 convenit.
374 1745 485 1783 numero
497 1727 614 1784 millium
627 1735 750 1800 mutuor,
772 1727 871 1799 priuci-

62 1823 169 1880 pesque
185 1802 314 1860 omnibus
328 1819 363 1858 ex
376 1801 541 1859 eivitatibus:
560 1821 594 1860 ex
607 1802 707 1874 quibus
717 1818 868 1875 perpauoos.

62 1897 184 1955 quorum
196 1879 225 1934 in
235 1895 264 1933 se
278 1876 360 1934 iidem
373 1886 550 1948 perspexerat,
565 1876 714 1950 relinquere
730 1877 759 1934 iu
773 1876 867 1944 Gallia,

63 1957 184 2029 reliquos
193 1951 321 2010 obsidum
331 1951 387 2006 loeo
396 1969 486 2008 seeum
498 1953 593 2008 duoere
606 1951 766 2023 deersvemt3
785 1953 868 2028 quod,
923 1993 926 2001 ·

62 2049 152 2104 quum
162 2030 223 2102 ipse
230 2027 345 2091 abesset,
355 2034 458 2082 motum
468 2026 568 2084 Gaiiiee
577 2027 725 2084 verebatur.

118 2105 167 2162 vt.
186 2104 252 2159 Erat
260 2119 316 2158 una
324 2117 388 2156 oum
397 2102 761 2168 oetaisuumnorixteduue
773 2102 870 2174 dequo

64 2180 98 2236 ab
108 2180 190 2237 nobis
199 2183 277 2232 autea
285 2175 388 2232 dictum
400 2183 447 2232 est
467 2178 543 2232 Hune
555 2194 646 2234 seeum
658 2177 755 2234 habere
768 2177 797 2232 iu
814 2177 870 2248 pri-

63 2256 115 2311 mis
125 2252 310 2315 eonstituerat‚
323 2249 397 2323 quod
406 2268 468 2307 eum
481 2251 609 2324 eupidum
623 2270 713 2310 rerum
727 2265 867 2314 novarum,

63 2329 195 2402 oupidum
214 2326 331 2398 imperii.
354 2325 446 2399 magni
463 2325 555 2391 animi,
575 2343 687 2400 magnae
700 2326 768 2386 inter
780 2321 870 2378 Gallos

63 2401 228 2460 auctoritatis
251 2407 417 2474 cognoverat.
441 2399 585 2456 decedebat
600 2401 663 2466 huo,
683 2395 821 2470 quodiam
842 2396 869 2450 in

62 2478 176 2536 eonoilio
189 2475 347 2532 Aeduorum
362 2475 509 2530 Dumnorix
520 2473 632 2539 dixerat,
656 2473 713 2529 Siti
726 2488 744 2524 a
761 2468 871 2524 Cutem

64 2571 173 2624 raparum
193 2553 436 2619 ciuitatis-deterri:
455 2549 528 2621 quod
543 2548 644 2604 dietum
657 2543 743 2600 Aedui
756 2541 871 2613 graviter

65 2628 194 2693 terebant,
206 2637 296 2698 neque
304 2623 443 2682 recusandi
453 2629 498 2680 aut
506 2618 663 2695 deprecandi
671 2631 762 2672 caussa
773 2613 871 2688 legatos
