2044 2992
196 129 246 184 did
495 135 544 181 DE
562 135 686 181 BELLO

196 235 243 310 qui
252 239 324 290 orant
333 251 348 289 a
357 231 417 290 Sex.
428 233 549 305 Pompeio
557 233 724 300 manumissi,
745 241 810 289 tune
824 234 852 290 in
868 234 977 290 Caesaris

196 311 337 366 adventum
354 308 507 364 descendere
523 318 669 380 ooepernnt
693 309 776 382 Legio
787 309 850 364 XIII
858 310 979 381 oppidum

196 383 331 441 defendere
339 382 434 455 eoepit:
454 400 526 446 nam,
542 399 626 454 quum
635 383 688 436 iam
697 393 886 456 repugnarent,
902 391 979 438 turres

196 477 229 516 ex
237 465 309 532 parto
316 467 342 513 et
355 475 461 513 murum
474 451 641 528 ooeuperu'nt.
660 457 751 512 Denuo
762 457 864 543 legatos
878 459 913 513 ad
925 459 980 514 Cae·

196 552 281 590 sarem
294 532 409 598 mittunt,
427 540 457 588 ut
469 530 520 586 sibi
533 531 646 606 legiones
660 530 782 586 subsidio
794 535 977 588 intromitteret.

195 611 249 672 Hoc
258 626 341 681 quum
351 605 708 662 animadverterenthomines
721 604 840 680 fugitivi,
860 608 979 680 oppidum

165 740 168 750 ,
197 682 332 740 inoendere
345 688 488 753 ooeporunt.
508 679 558 747 Qui
568 681 681 752 superati
691 697 705 736 a
715 681 815 748 nostris
830 691 897 738 sunt
910 683 979 738 inter-

194 758 264 824 tecti,
275 757 413 813 hominum
422 754 503 810 millia
513 755 599 820 XXII,
605 762 787 826 praeterquam
798 764 876 812 extra
882 774 979 812 murum

198 835 245 906 qui
254 833 395 904 perierunt.
414 831 452 884 lta
461 829 553 885 Caesar
561 829 656 902 oppido
670 830 776 900 potitus.
801 832 875 887 Dum
889 833 933 887 hie
943 831 979 885 de

198 909 302 971 uretur,
308 923 341 960 ax
350 902 446 976 proelio
453 921 519 977 quos
525 903 738 970 circummunitos
748 906 980 976 superiusdemon-

197 980 347 1044 stravimus,
362 978 523 1050 eruptionem
533 978 647 1035 feserunt
655 986 689 1044 et,
700 978 768 1034 bene
777 980 875 1036 multis
886 977 979 1038 interfe-

197 1056 253 1121 ctis,
265 1055 293 1109 in
300 1053 427 1127 oppidum
437 1061 499 1109 sunt
508 1053 609 1108 redacti.

251 1163 363 1220 XXXV.
383 1162 477 1220 Caesar¹
484 1161 611 1232 Hispalim
620 1177 703 1234 quum
712 1161 905 1228 contendisset,
916 1161 979 1237 legati

197 1237 362 1311 deprecatum
371 1249 507 1292 venerunt.
527 1239 564 1292 lta
573 1254 657 1310 quum
666 1235 794 1307 oppidum
805 1255 868 1293 sese
877 1239 943 1294 tueri
949 1237 979 1290 di-
1004 1217 1005 1276 d

197 1315 287 1379 xisset‚
308 1312 447 1370 Caninium
466 1310 579 1385 legatum
596 1328 657 1366 cum
674 1309 806 1381 praesidio
825 1311 978 1368 intromittit:

195 1390 254 1462 ¹ipse
263 1395 345 1444 eastra
354 1386 387 1442 ad
396 1385 521 1459 oppidum
530 1386 610 1456 ponit.
629 1386 691 1440 Erat
698 1384 764 1440 bene
778 1402 914 1458 magnum
925 1388 980 1440 intra
1004 1399 1005 1459 t

198 1464 412 1536 Pompeianarum
419 1457 982 1536 pertiumpraesidiumquodCaesarispraa·

199 1537 296 1594 sidium
315 1544 445 1607 reoeptum
463 1535 640 1607 indignaretur
655 1533 722 1588 elam
738 1535 888 1604 quemdam
905 1535 982 1590 Philo

194 1631 269 1678 nem,
280 1610 366 1675 illum,
379 1610 426 1682 qui
435 1609 649 1680 Pompeianarum
663 1606 776 1679 partium
792 1607 891 1664 fuisset
903 1609 982 1666 defen

198 1704 242 1743 sor
252 1686 402 1741 acerrimus.
422 1684 446 1738 Is
462 1691 513 1740 tota
526 1683 660 1738 Lusitania
677 1682 834 1738 notissimus
854 1693 922 1739 erat.
946 1684 983 1738 Hie

199 1761 266 1817 elam
274 1759 401 1833 praesidia
410 1757 570 1814 Lusitaniam
580 1757 750 1829 proficiscitur
758 1765 785 1810 et
791 1757 940 1814 Caecilium
946 1759 983 1812 iii·

198 1853 286 1910 grum,
306 1834 438 1890 hominem
449 1832 598 1895 barbarum,
619 1831 772 1890 adLenium
781 1834 925 1898 eonvenit3
944 1831 982 1902 qui

197 1911 265 1970 bene
277 1925 399 1982 magnam
419 1923 527 1961 manum
544 1907 726 1962 Lusitanorum
746 1905 868 1962 haberet.
889 1909 982 1962 Rursus

200 1982 359 2054 inHispaiim
364 1981 490 2052 oppidum
500 1981 585 2036 denuo
594 1989 670 2036 noctu
679 1996 725 2050 per
733 1995 845 2034 murum
855 1982 981 2052 recipitur:

199 2055 358 2129 praesidium
367 2054 647 2128 vigilesqueiugulant,
662 2062 748 2125 portes
759 2053 982 2125 praecludunt&

200 2132 300 2204 integro
309 2146 426 2202 pugnare
434 2137 581 2201 eoeperunt.

252 2241 375 2300 XXXVI.
396 2244 464 2298 uum
472 2243 536 2298 haee
544 2251 678 2318 geruntur,
689 2240 766 2314 legati
775 2239 984 2299 Carteiensesre

198 2319 365 2380 nunciarunt,
385 2317 457 2389 qirod
474 2317 625 2388 Pompeium
638 2317 665 2370 in
679 2323 833 2386 potestatem
853 2318 982 2373 haherent.
1000 2345 1001 2362 1

200 2392 275 2458 Quod
286 2399 344 2446 ante
354 2390 454 2446 Caesari
468 2398 555 2462 portas
573 2389 779 2463 praeclusissem,
803 2389 851 2446 illo
864 2392 983 2447 beneficio

200 2482 279 2520 suurn
288 2464 445 2521 maleficium
454 2465 636 2520 existimabant
648 2481 676 2518 se
690 2463 848 2520 lucrifaoere.
871 2464 983 2520 Lusitani

199 2538 298 2609 Hispali
307 2556 423 2612 pugnare
434 2537 504 2592 nullo
518 2546 635 2610 tompore,
645 2535 813 2592 desistebant.
834 2538 915 2605 Quod
928 2540 983 2596 Cae·

199 2627 335 2683 parquum
344 2613 564 2679 animadverteret,
579 2615 601 2667 si
611 2611 736 2685 oppidum
746 2628 840 2684 capere
849 2613 984 2670 contende
999 2651 1000 2664 r
