2042 3004
191 158 239 210 650
387 160 421 208 Δ.
440 159 570 206 HIRTII
586 159 637 213 DE
660 158 786 204 BELLO

190 277 294 326 navem,
312 275 394 332 quam
404 259 441 314 ibi
451 259 544 316 habuit
552 259 715 324 caluariam·
725 258 864 316 militibus
881 259 979 333 compta

190 345 216 392 et
228 335 369 410 sagittariis
383 341 408 389 et
420 334 505 390 eidem
517 333 628 404 scaphas
642 333 675 388 de
693 335 811 390 navibus
831 335 981 409 adiungitrr

191 411 311 485 singulas
321 427 401 466 naves
411 407 579 464 CaesarIanas
587 409 730 464 consectari
740 410 835 480 coepit
849 409 900 474 Ea,
909 427 982 482 quun

127 524 131 532 ,
189 481 983 560 pluresadortus,pulsuslugatusqueindedisoecaieseaaet

101 581 107 599 ·
190 571 279 616 tamen
293 560 428 615 desisteret
443 557 592 629 periclitari,
611 556 677 612 forte
690 558 946 625 inciditimnevenn
963 561 983 613 in

191 652 244 708 qua
255 643 328 690 erant
337 634 390 688 duo
402 633 472 698 Titii,
486 631 595 704 Hispani
605 631 985 709 adolescentem-*thunium

191 712 235 767 nis
246 709 361 783 quintae,
374 725 489 780 quorum
498 714 598 778 patrem
607 706 703 762 Caesar
711 707 742 762 in
748 709 983 784 sarnumteguai

191 794 217 841 et
226 802 287 840 eum
296 784 339 838 his
353 783 382 838 T.
393 781 521 848 Salienus,
543 781 659 839 centeuic
671 780 932 854 legioniseiusdem,
950 785 985 856 qui

192 861 230 916 Μ.
241 857 388 914 Messallam
399 855 514 928 legatum
524 856 805 912 obsedenatltlessanae
815 865 843 915 et
851 859 984 916 scanne

192 934 261 989 sima
275 931 390 986 oratione
403 929 474 1000 apud
485 948 547 986 eum
557 938 690 998 est-usum
712 930 985 1006 idemquepeuuntan

192 1015 218 1064 et
225 1011 377 1062 ornamenta
386 1005 637 1078 triumphiCoesarie
646 1005 986 1064 retinendaetouatcdienda
1000 1027 1001 1054 ;

192 1087 328 1136 curaverat
337 1079 405 1136 etob
419 1079 467 1136 has
481 1097 587 1138 carneas
601 1079 711 1138 timebat
726 1081 791 1136 sibit
821 1083 986 1156 llicqropter
1000 1097 1001 1136 l

192 1155 378 1212 conscientiam
390 1162 555 1228 peccatorum
568 1173 678 1212 suorum
692 1157 987 1226 persuasitadclescer
1000 1145 1001 1162 ¹

191 1231 280 1298 tibus,
303 1239 530 1305 compugnarent
551 1229 796 1304 sesequevirgitlo
819 1234 986 1289 annularent.

193 1307 286 1378 ltaque
305 1305 410 1362 deducti
429 1324 444 1360 a
461 1305 572 1378 Virgilio
595 1305 628 1360 ad
649 1305 813 1377 Scipionem,
837 1310 987 1364 custodibus

192 1380 315 1438 transditi
323 1394 348 1436 et
357 1387 417 1453 post
424 1379 495 1435 diem
506 1380 609 1434 tertium
618 1379 826 1436 suntinterlecti.
849 1382 906 1449 Qut
914 1400 987 1457 quun

195 1457 352 1512 ducerentur
360 1455 394 1510 ad
403 1471 501 1521 necem,
513 1455 609 1526 petisse
617 1453 713 1508 dicitur
722 1455 905 1514 uacior'litius
916 1477 988 1514 amn

194 1532 355 1596 turionihus‚
366 1530 406 1585 uti
418 1547 446 1586 se
454 1531 577 1602 priorem,
589 1547 670 1601 quam
678 1528 986 1595 iratremsinterficerent:

195 1607 277 1680 idque
286 1607 320 1660 ab
332 1606 369 1660 eis
379 1603 453 1660 lacile
463 1605 617 1676 impetrasse
624 1611 704 1676 atque
711 1605 747 1658 ita
762 1622 824 1660 esse
833 1606 987 1664 inteuleetee.

162 1728 165 1734 .
250 1681 353 1735 XXIX.
373 1680 486 1734 Turmae
494 1679 599 1734 interim
608 1679 737 1752 equitum,
748 1689 821 1750 quae
830 1697 883 1752 pro
893 1683 987 1739 valleia

197 1755 353 1812 stationibus
363 1771 420 1810 esse
429 1749 556 1819 solebant,
568 1753 602 1808 ab
611 1754 730 1824 utrisque
736 1753 870 1822 ducibus,
882 1758 989 1830 quotidie

196 1831 308 1888 minutis
322 1828 428 1901 proeliis
440 1829 507 1884 inter
519 1846 549 1884 se
565 1828 715 1902 depugnare
729 1845 783 1884 non
793 1829 988 1888 intermittunt:

197 1923 400 1976 nonnumquam
409 1904 487 1959 etiam
499 1902 622 1966 Germani
635 1901 758 1974 Gallique
767 1904 933 1964 Labieniani
940 1923 989 1962 eun

198 1980 317 2036 Caesaris
326 1979 468 2051 equitibus,
491 1978 543 2034 fida
558 1977 626 2042 data,
647 1977 714 2032 inter
725 1977 990 2052 sacelloqnehnnrnr.

198 2054 331 2108 Labienus
340 2054 445 2108 interim
455 2069 517 2107 cum
526 2061 598 2124 parte
606 2053 848 2124 equitatusLeptim
856 2059 989 2130 oppidum.

199 2127 243 2182 cui
252 2134 367 2198 praeerat
377 2127 488 2182 Saserna
499 2145 561 2184 cum
570 2128 721 2183 cohortibus
731 2127 830 2192 trihus,
844 2146 992 2206 oppugnare

199 2220 230 2258 ae
238 2203 265 2258 vi
275 2201 420 2272 irrumpere
429 2201 591 2258 conahatur:
606 2202 678 2274 quod
687 2202 720 2256 ab
726 2199 932 2273 defensoribus,
945 2223 993 2278 pro

199 2286 257 2351 pter
264 2275 397 2350 egregiam
409 2277 584 2338 munitionem
593 2277 683 2349 oppidi
692 2283 717 2330 et
725 2281 926 2338 tormentorum
936 2279 995 2336 mal-

199 2352 348 2416 titudinem‚
362 2350 443 2406 slacile
454 2359 480 2406 et
491 2351 551 2406 sine
565 2351 681 2424 periculo
697 2349 904 2415 delendobatur.
930 2353 993 2423 Quod

198 2429 248 2482 ubi
261 2427 365 2499 saepius
381 2427 443 2485 eius
456 2426 588 2499 equitatus
606 2425 689 2481 faeere
702 2443 755 2482 uon
768 2425 966 2488 intermittebat
978 2438 995 2480 a

200 2519 286 2573 quum
295 2501 360 2557 lorte
369 2509 428 2557 ante
440 2509 541 2575 portam
553 2509 642 2556 turma
652 2500 736 2556 densa
742 2500 913 2576 aduttum
935 2523 996 2561 seor·

200 2575 279 2644 pione
298 2577 446 2632 accuratius
462 2577 552 2640 misso,
574 2582 653 2645 atque
670 2591 762 2630 eorum
779 2575 928 2636 decurione
948 2599 997 2652 per-

202 2664 288 2715 cusso,
300 2649 368 2704 etad
377 2650 549 2708 decumanam
557 2647 654 2716 defixo,
669 2649 766 2723 reliqui
780 2653 928 2722 perterriti,
945 2656 997 2728 lup
