2072 2998
127 166 135 175 ·
170 149 220 203 132
369 151 419 198 DE
441 149 567 196 BELLO
588 147 757 195 Gannico
784 155 787 160 '

222 253 284 308 XII.
303 250 394 318 Quum
403 249 498 306 Caesar
506 250 534 303 in
547 247 661 304 Galliam
669 247 750 312 venit,
763 245 871 302 alterius
881 247 976 306 lactio-

168 329 211 384 nis
224 327 356 400 principes
372 333 447 381 erant
457 323 552 388 Aedui,
573 322 679 377 alteriue
692 321 816 393 Sequani.
837 323 871 376 Hi
885 341 974 396 quum

168 421 216 476 per
225 402 352 458 seminus
361 399 485 464 valerent,
499 397 686 470 quodsnmma
699 396 837 451 auctoritas
853 398 977 470 antiqni-

168 487 213 532 tus
223 485 277 532 erat
287 477 315 530 in
327 473 435 539 Aeduis,
456 489 620 545 magnaeque
632 487 724 526 eorum
737 477 812 524 erant
823 469 972 538 clientelae,

170 551 316 609 Germanos
325 557 404 621 atalae
411 547 573 603 Ariovistum
583 546 635 600 sibi
644 545 821 600 adiunxerant
828 561 932 618 eosque
941 547 973 602 ad

169 645 199 682 ee
219 625 325 699 magnis
348 623 452 680 iacturis
474 620 759 694 pollicitationibusque
779 619 972 690 perduxerant.

168 700 277 758 Proeliis
292 715 354 755 vero
367 695 548 768 compluribus
562 694 636 750 lactis
648 693 782 758 secundis,
803 700 885 766 etque
898 696 973 751 omni

169 769 720 833 nobilitateAeduoruminteriecta‚tantum
729 769 973 840 potentiaantcces-
1024 809 1025 824 r

169 855 266 912 serant,
286 853 316 902 ut
329 863 454 920 magnam
468 852 568 917 partem
582 843 718 900 clientium
731 843 765 896 ab
778 841 880 898 Aeduis
896 845 973 900 adse

156 922 366 978 ,ennsduoerent
377 919 534 992 obsidesque
543 918 577 972 ab
586 919 619 972 iis
628 917 779 990 principum
790 916 860 972 lilios
871 920 974 991 accipe-
1024 955 1025 992 p

169 1002 228 1052 rent
236 1002 261 1049 et
269 993 375 1066 publice
386 995 472 1048 iurare
479 1000 608 1067 cogerent,
622 991 689 1047 nibil
698 1009 727 1046 ea
737 991 973 1064 contraSequanos
1024 999 1025 1044 l

169 1069 273 1125 consilii
283 1067 408 1136 initures;
429 1075 453 1124 et
462 1076 563 1139 partem
573 1067 679 1122 finitimi
689 1067 754 1140 agri,
768 1082 815 1138 per
825 1067 883 1120 vim
893 1085 973 1123 oocu-

168 1151 267 1217 patam‚
280 1140 444 1214 possiderent
453 1141 539 1196 Gallia
572 1159 607 1196 ue
617 1141 695 1196 totins
708 1139 889 1213 principatum
904 1137 973 1198 obti-

169 1225 271 1274 nerent.
291 1215 349 1283 Qun
359 1216 509 1271 necessitate
518 1158 646 1270 adductus
656 1215 808 1279 Diuitiaene,
821 1215 974 1290 auxiltipe'

168 1291 242 1348 tendi
252 1308 343 1346 caussa
357 1291 467 1345 Romam
482 1289 515 1344 ad
529 1297 650 1345 senatum
669 1289 808 1362 proiectus,
829 1289 929 1346 iniecta
947 1310 974 1347 re

168 1367 287 1424 redierat
307 1364 430 1422 Adventu
443 1365 561 1421 Caesarie
574 1364 640 1420 facta
652 1364 857 1420 commutatione
869 1383 971 1433 rerum,

169 1442 308 1500 obsidibus
317 1439 416 1496 Aeduis
426 1439 683 1506 redditis‚veteribns
692 1437 819 1494 clientelis
829 1441 970 1507 restitutis,

169 1517 247 1574 novis
255 1534 303 1590 per
314 1516 450 1573 Caesarem
458 1515 623 1588 comparatis,
640 1513 720 1586 (quod
733 1513 772 1579 hi,
789 1513 836 1584 qui
845 1531 876 1569 se
884 1515 920 1570 ad
931 1533 974 1571 eo-

167 1611 232 1649 rum
241 1592 383 1648 amicitiam
393 1591 606 1665 adgregaverant,
618 1589 725 1644 meliore
732 1588 884 1644 conditione
893 1598 974 1663 atque

169 1669 293 1740 aequiora
302 1667 412 1739 imperio
421 1683 450 1721 se
458 1667 497 1720 uti
508 1664 641 1737 videbant)
654 1663 764 1736 reliquis
776 1663 857 1718 rebus
867 1681 971 1730 eorum,

168 1741 396 1817 gratia‚dignitate
405 1739 692 1812 amplificata‚Sequani
701 1737 881 1810 principatum
890 1739 974 1794 dimi-
1012 1779 1015 1788 ,

169 1823 267 1872 serant.
287 1815 516 1872 lneorumlocum
526 1815 601 1870 Remi
612 1819 801 1880 successerant3
819 1813 974 1887 quaequod

169 1891 316 1962 adaequare
326 1891 397 1962 apud
406 1890 542 1946 Caesarem
555 1890 638 1964 gratia
652 1886 860 1960 intellegebatur,
877 1888 908 1954 it,
925 1889 973 1962 qui

168 1971 274 2037 propter
284 1971 382 2019 veteres
394 1964 546 2019 iuimicitias
557 1963 632 2018 nullo
641 1961 718 2016 modo
727 1977 789 2016 cum
798 1959 901 2018 Aeduis
911 1981 975 2019 con-

169 2037 246 2110 iungi
261 2044 388 2107 poterant,
410 2055 439 2092 se
453 2038 542 2092 Remis
560 2039 587 2092 in
605 2035 751 2092 clientelam
764 2035 899 2094 dicabant.
921 2039 974 2093 llos
1024 2067 1025 2116 p

169 2111 210 2166 illi
218 2110 357 2183 diligenter
366 2111 517 2168 tuebuntur.
537 2115 575 2166 lta
588 2119 613 2166 et
626 2129 723 2168 novam
737 2116 762 2164 et
775 2119 882 2183 repente
894 2111 975 2168 colle-

170 2193 239 2240 ctam
249 2184 427 2239 auctoritatem
441 2186 573 2241 tenebant.
594 2187 633 2240 Eo
645 2193 703 2241 tum
717 2192 786 2240 statu
802 2203 843 2240 res
857 2194 924 2253 erat,
944 2195 976 2242 ut

170 2259 389 2333 longeprincipes
399 2259 557 2316 haberentur
566 2259 661 2326 Aedui,
676 2259 823 2316 secundum
832 2259 924 2317 locum
933 2261 976 2318 di-

170 2335 278 2410 gnitatis
290 2334 365 2388 Remi
375 2333 529 2389 obtinerent.
645 2385 648 2394 Δ
829 2351 833 2359 ·

225 2410 296 2464 Xlll.
316 2409 346 2464 In
359 2409 432 2464 omni
445 2407 530 2463 Gallia
544 2423 635 2464 eorum
649 2407 799 2474 hominnm,
819 2425 870 2482 qur
883 2408 975 2482 aliquo

76 2534 79 2538 .
171 2491 235 2538 eunt
245 2499 355 2539 numero
365 2493 444 2556 atque
452 2483 559 2548 honore,
576 2498 672 2555 genera
681 2490 745 2537 sunt
754 2482 820 2538 duo:
842 2501 907 2538 narn
917 2485 975 2557 ple-

171 2557 218 2610 bes
227 2575 310 2628 paene
319 2573 455 2614 servormn
467 2556 579 2612 habetur
589 2557 653 2620 loco,
668 2573 737 2627 quae
745 2573 793 2628 per
805 2574 835 2611 se
846 2558 918 2613 nibil
927 2576 975 2614 au-

172 2629 215 2685 det
224 2629 332 2688 etnullo
342 2633 481 2698 adhibetur
488 2630 606 2688 oonsilio.
627 2629 851 2704 Pleriquc,quum
861 2639 975 2689 auterre
