2072 2998
54 173 58 188 .
151 140 184 192 96
356 141 408 188 DE
430 140 553 187 BELLO
574 138 743 186 GAmeo

151 243 185 300 ad
195 243 333 300 Caesarem
344 241 447 296 mittere
458 239 599 294 audebant.
624 237 654 294 ld
672 236 770 294 tactum
783 253 817 294 ex
830 240 891 294 suis
908 240 966 296 ho-

152 317 266 390 spitibus
276 316 370 372 Caesar
382 320 547 386 cognoverat.
568 312 615 368 Ille
627 312 753 368 omnibus
766 313 856 386 primo
867 317 965 386 preci-
1030 345 1033 388 3

152 393 204 449 bus
213 399 299 465 petere
311 389 454 455 contendit,
474 394 505 442 ut
518 388 547 443 in
560 385 647 443 Gellia
664 385 871 460 relinqueretur;
893 405 965 460 per-

152 467 211 532 tim,
232 465 305 540 quod
319 465 441 520 insuetus
454 461 598 535 navigandi
615 477 690 515 mere
705 461 822 530 timerot3
841 465 959 534 partim,

152 540 226 614 quod
236 539 408 613 religionibus
418 553 476 592 sese
484 536 580 592 diceret
589 534 721 608 impediri.
741 536 919 608 Posteaquam
928 539 964 594 id

152 613 371 671 obstinetesibin
406 611 530 675 nrividr't,
548 610 623 666 omni
637 626 685 681 spe
693 609 851 681 impetrandi
862 611 963 666 adem-

153 697 188 755 ta,
203 682 335 761 principes
345 629 445 742 Gaeffiee
457 684 605 750 sollicitare,
620 700 742 741 sevocare
751 683 963 758 singulosrhor-

153 761 360 836 tariqueooepitp
371 761 410 816 uti
421 760 450 816 in
459 759 601 816 continenti
615 765 794 825 remunerant3
815 767 888 814 metu
903 767 962 816 ter-

153 839 240 902 ritare.
260 852 314 893 non
323 835 381 890 sine
391 851 485 891 causes
499 834 566 901 fieri,
585 839 617 888 ut
630 830 716 888 Gellia
728 832 803 888 omni
818 833 961 892 nobilitate

154 909 321 983 spoliaretur:
342 908 370 964 id
378 927 437 965 esse
445 907 587 964 eonsilium
596 907 844 980 Caesaris‚ut.quos
852 907 881 964 in
890 925 961 965 oon-
1028 916 1030 926 '

154 983 354 1056 spectuGalliee
367 983 511 1039 interficere
523 989 664 1047 vereretur,
682 981 731 1037 hos
746 997 838 1038 omnes
852 983 881 1038 in
895 984 960 1039 Bri-

154 1058 272 1113 tanniam
289 1056 454 1114 transduotos
472 1063 586 1127 necaret:
612 1056 692 1110 fidem
708 1054 819 1128 reliquis
836 1057 960 1129 interpo-

154 1149 225 1198 nere,
236 1131 423 1186 iusiurandum
431 1138 593 1203 poscerent,
604 1129 677 1202 quod
685 1147 743 1186 esse
752 1146 786 1185 ex
793 1147 847 1186 usu
852 1130 959 1189 Galliae

77 1202 81 1208 ’
154 1205 353 1274 intellexissent,
373 1205 509 1260 communi
520 1204 631 1259 oonsilio
644 1204 865 1260 administrarent
885 1207 959 1263 Haec

154 1299 169 1335 a
180 1279 362 1352 compluribus
374 1279 407 1334 ad
414 1279 553 1335 Caesarem
562 1277 755 1335 deferebantur.

208 1355 266 1412 v11.
286 1354 344 1422 Qua
357 1372 385 1410 re
398 1354 511 1428 cognita,
534 1352 637 1420 Caesar,
658 1352 959 1426 quodtantumoiritoti

35 1467 38 1472 ·
153 1429 260 1486 Aeduae
268 1429 404 1504 dignitatis
414 1427 727 1495 tribuerat,ooeroendurn
735 1427 960 1500 etquedeterreu·

154 1504 229 1572 dum,
236 1505 452 1579 quibuscumque
461 1504 541 1560 rebus
549 1509 646 1576 posset,
653 1503 842 1575 Dumnorigem
854 1508 959 1560 statue·

154 1579 212 1648 bet3
226 1580 299 1653 quod
308 1579 414 1656 longius
423 1579 481 1634 eius
490 1577 631 1634 amentiam
639 1575 761 1650 progredi
770 1575 884 1642 videbat,
890 1593 959 1648 pro-
1027 1617 1029 1620 -

154 1653 329 1725 spiciendum,
346 1671 380 1710 ne
390 1653 457 1727 quid
470 1652 523 1708 sibi
536 1669 566 1709 ao
579 1650 737 1723 reipublicae
750 1666 842 1706 nocere
854 1660 957 1722 posset.

67 1731 72 1742 ³
154 1729 245 1800 ltaque
255 1729 312 1784 dios
321 1729 422 1784 circiter
434 1727 512 1784 XXV
524 1727 552 1782 in
566 1743 597 1782 eo
609 1725 665 1781 looo
677 1732 864 1792 commoratus,
878 1728 958 1798 quod

153 1818 230 1857 corus
249 1808 345 1859 ventus
364 1801 558 1874 navtgcimem
572 1799 739 1872 impediebat,
760 1799 807 1872 qui
825 1817 957 1874 magnoin

155 1882 253 1946 partem
261 1875 350 1932 omnis
359 1875 483 1946 temporis
494 1875 522 1930 in
533 1875 577 1928 his
587 1873 651 1929 locis
663 1873 725 1930 flere
738 1874 884 1940 consuevit,
906 1876 959 1931 da-

131 1981 133 1984 ·
154 1950 197 2002 bat
210 1965 326 2020 operam.
345 1957 377 2004 ut
388 1949 417 2004 in
430 1947 517 2004 officio
533 1949 723 2022 Dumnorigem
735 1949 888 2015 contineret,
910 1952 958 2006 rri-

154 2021 208 2078 hilo
217 2029 305 2077 umen
314 2023 401 2078 secius
409 2023 499 2078 omnia
509 2022 566 2080 eius
574 2023 686 2080 consilia
693 2029 872 2110 cognosceret:
892 2030 957 2080 teu-

153 2095 214 2150 dem
226 2094 348 2150 idoneam
364 2104 457 2152 nodus
470 2104 659 2170 tempestatem.
678 2098 776 2154 milites
795 2098 957 2171 eqrriteeque

152 2169 543 2228 conscendereinnevesiubet.
563 2172 606 2239 At,
618 2173 741 2228 omnium
750 2172 885 2244 impeditis
894 2175 958 2229 eni·
1026 2232 1030 2247 ι

154 2245 214 2313 mie,
226 2245 374 2302 Dumnorix
382 2263 445 2302 oum
454 2247 589 2318 equitibus
597 2246 750 2303 Aeduorum
761 2264 777 2302 a
790 2247 894 2312 caetris,
911 2248 958 2304 in-

153 2320 250 2376 sciente
259 2319 377 2388 Caesare,
388 2321 498 2376 domum
507 2321 640 2377 discedere
653 2321 746 2394 eoepit.
766 2320 825 2387 Qua
838 2339 866 2376 re
880 2339 957 2378 nuu-

152 2395 227 2462 mota,
244 2395 347 2462 Caesar,
363 2395 512 2451 intermissa
520 2395 678 2470 profectione
686 2403 765 2468 atque
773 2395 901 2456 omniun
911 2415 958 2452 re-

153 2469 204 2523 bus
216 2470 378 2543 postpositis,
398 2487 523 2543 magnam
537 2477 638 2542 partem
651 2470 784 2540 equitatus
793 2468 827 2524 ad
836 2487 900 2526 eum
910 2471 958 2527 in-

152 2544 318 2615 sequendum
336 2545 417 2601 mittit
436 2543 585 2616 retrahique
603 2544 726 2614 imperet:
756 2543 780 2598 si
799 2543 856 2599 vim
874 2543 958 2601 iaciat

153 2633 239 2690 neque
247 2626 345 2692 pareat,
357 2619 467 2685 interfici
478 2618 562 2674 iubet:
583 2617 651 2690 nihil
667 2617 777 2673 hunose
786 2615 895 2674 absente
902 2637 957 2691 pro
