<?xml version="1.0" encoding="UTF-8"?>
<!DOCTYPE html PUBLIC "-//W3C//DTD XHTML 1.0 Transitional//EN"
    "http://www.w3.org/TR/xhtml1/DTD/xhtml1-transitional.dtd">
<html xmlns="http://www.w3.org/1999/xhtml" xml:lang="en" lang="en">
 <head>
  <title>
</title>
<meta http-equiv="Content-Type" content="text/html;charset=utf-8" />
  <meta name='ocr-system' content='tesseract 3.04.00' />
  <meta name='ocr-capabilities' content='ocr_page ocr_carea ocr_par ocr_line ocrx_word'/>
</head>
<body>
  <div class='ocr_page' id='page_1' title='image "./ciuliicaesarisc04caesgoog_0497.png"; bbox 0 0 2044 2992; ppageno 0'>
   <div class='ocr_carea' id='block_1_1' title="bbox 197 151 669 206">
    <p class='ocr_par' dir='ltr' id='par_1_1' title="bbox 197 151 669 206">
     <span class='ocr_line' id='line_1_1' title="bbox 197 151 669 206; baseline -0.021 -1"><span class='ocrx_word' id='word_1_1' title='bbox 197 151 246 206; x_wconf 83' lang='lat' dir='ltr'><strong>t98</strong></span> <span class='ocrx_word' id='word_1_2' title='bbox 472 155 523 200; x_wconf 77' lang='lat' dir='ltr'><strong>nn</strong></span> <span class='ocrx_word' id='word_1_3' title='bbox 546 152 669 198; x_wconf 72' lang='lat' dir='ltr'><strong>nunno</strong></span> 
     </span>
    </p>
   </div>
   <div class='ocr_carea' id='block_1_2' title="bbox 195 249 991 474">
    <p class='ocr_par' dir='ltr' id='par_1_2' title="bbox 195 249 991 474">
     <span class='ocr_line' id='line_1_2' title="bbox 195 249 987 311; baseline -0.013 0"><span class='ocrx_word' id='word_1_4' title='bbox 195 262 266 311; x_wconf 68' lang='lat' dir='ltr'><strong>muta</strong></span> <span class='ocrx_word' id='word_1_5' title='bbox 286 253 334 310; x_wconf 85' lang='lat' dir='ltr'><strong>loci</strong></span> <span class='ocrx_word' id='word_1_6' title='bbox 352 251 505 308; x_wconf 79' lang='lat' dir='ltr'><strong>difficultate</strong></span> <span class='ocrx_word' id='word_1_7' title='bbox 518 252 551 306; x_wconf 93' lang='lat' dir='ltr'><strong>ad</strong></span> <span class='ocrx_word' id='word_1_8' title='bbox 571 250 725 306; x_wconf 83' lang='lat' dir='ltr'>subsidium</span> <span class='ocrx_word' id='word_1_9' title='bbox 738 249 953 306; x_wconf 79' lang='lat' dir='ltr'><strong>submittendum</strong></span> <span class='ocrx_word' id='word_1_10' title='bbox 966 264 987 301; x_wconf 87' lang='lat' dir='ltr'><strong>se</strong></span> 
     </span>
     <span class='ocr_line' id='line_1_3' title="bbox 196 323 988 398; baseline -0.01 -13"><span class='ocrx_word' id='word_1_11' title='bbox 196 331 316 386; x_wconf 86' lang='lat' dir='ltr'><strong>mitteret.</strong></span> <span class='ocrx_word' id='word_1_12' title='bbox 346 329 397 382; x_wconf 85' lang='lat' dir='ltr'><strong>lstu</strong></span> <span class='ocrx_word' id='word_1_13' title='bbox 411 326 492 381; x_wconf 85' lang='lat' dir='ltr'><strong>fretus</strong></span> <span class='ocrx_word' id='word_1_14' title='bbox 505 327 638 396; x_wconf 88' lang='lat' dir='ltr'><strong>opinione,</strong></span> <span class='ocrx_word' id='word_1_15' title='bbox 659 325 735 380; x_wconf 85' lang='lat' dir='ltr'><strong>tertia</strong></span> <span class='ocrx_word' id='word_1_16' title='bbox 751 323 988 398; x_wconf 79' lang='lat' dir='ltr'><strong>vigilieproiectus,</strong></span> 
     </span>
     <span class='ocr_line' id='line_1_4' title="bbox 196 397 991 474; baseline -0.011 -15"><span class='ocrx_word' id='word_1_17' title='bbox 196 403 333 460; x_wconf 82' lang='lat' dir='ltr'><strong>castellum</strong></span> <span class='ocrx_word' id='word_1_18' title='bbox 346 418 499 474; x_wconf 76' lang='lat' dir='ltr'><strong>oppugnare</strong></span> <span class='ocrx_word' id='word_1_19' title='bbox 507 400 600 470; x_wconf 81' lang='lat' dir='ltr'><strong>eoepit,</strong></span> <span class='ocrx_word' id='word_1_20' title='bbox 616 406 646 452; x_wconf 92' lang='lat' dir='ltr'><strong>ut</strong></span> <span class='ocrx_word' id='word_1_21' title='bbox 660 397 849 454; x_wconf 81' lang='lat' dir='ltr'><strong>laborantibus</strong></span> <span class='ocrx_word' id='word_1_22' title='bbox 866 415 991 454; x_wconf 80' lang='lat' dir='ltr'><strong>suooune·</strong></span> 
     </span>
    </p>
   </div>
   <div class='ocr_carea' id='block_1_3' title="bbox 197 472 991 624">
    <p class='ocr_par' dir='ltr' id='par_1_3' title="bbox 197 472 991 624">
     <span class='ocr_line' id='line_1_5' title="bbox 197 472 991 548; baseline -0.013 -14"><span class='ocrx_word' id='word_1_23' title='bbox 197 486 245 534; x_wconf 86' lang='lat' dir='ltr'><strong>ret.</strong></span> <span class='ocrx_word' id='word_1_24' title='bbox 265 478 455 548; x_wconf 85' lang='lat' dir='ltr'><strong>Nostri‚quum</strong></span> <span class='ocrx_word' id='word_1_25' title='bbox 466 474 732 545; x_wconf 81' lang='lat' dir='ltr'><strong>adpropinquassent,</strong></span> <span class='ocrx_word' id='word_1_26' title='bbox 739 472 860 528; x_wconf 82' lang='lat' dir='ltr'><strong>elamore</strong></span> <span class='ocrx_word' id='word_1_27' title='bbox 868 473 991 544; x_wconf 85' lang='lat' dir='ltr'><strong>repentino</strong></span> 
     </span>
     <span class='ocr_line' id='line_1_6' title="bbox 197 545 990 624; baseline -0.014 -16"><span class='ocrx_word' id='word_1_28' title='bbox 197 552 363 624; x_wconf 87' lang='lat' dir='ltr'><strong>telorumque</strong></span> <span class='ocrx_word' id='word_1_29' title='bbox 384 549 555 604; x_wconf 87' lang='lat' dir='ltr'><strong>multitudine</strong></span> <span class='ocrx_word' id='word_1_30' title='bbox 575 547 658 602; x_wconf 84' lang='lat' dir='ltr'><strong>iectus</strong></span> <span class='ocrx_word' id='word_1_31' title='bbox 676 545 762 612; x_wconf 80' lang='lat' dir='ltr'><strong>tenere</strong></span> <span class='ocrx_word' id='word_1_32' title='bbox 779 555 943 618; x_wconf 78' lang='lat' dir='ltr'><strong>coeperunt,</strong></span> <span class='ocrx_word' id='word_1_33' title='bbox 961 546 990 598; x_wconf 86' lang='lat' dir='ltr'><strong>uti</strong></span> 
     </span>
    </p>
   </div>
   <div class='ocr_carea' id='block_1_4' title="bbox 198 620 1002 2694">
    <p class='ocr_par' dir='ltr' id='par_1_4' title="bbox 198 620 1002 1140">
     <span class='ocr_line' id='line_1_7' title="bbox 198 620 991 700; baseline -0.013 -18"><span class='ocrx_word' id='word_1_34' title='bbox 198 643 322 700; x_wconf 81' lang='lat' dir='ltr'><strong>magnam</strong></span> <span class='ocrx_word' id='word_1_35' title='bbox 334 632 434 696; x_wconf 83' lang='lat' dir='ltr'><strong>partem</strong></span> <span class='ocrx_word' id='word_1_36' title='bbox 447 623 587 678; x_wconf 89' lang='lat' dir='ltr'><strong>hominum</strong></span> <span class='ocrx_word' id='word_1_37' title='bbox 596 620 755 676; x_wconf 82' lang='lat' dir='ltr'><strong>vulneribus</strong></span> <span class='ocrx_word' id='word_1_38' title='bbox 768 621 927 676; x_wconf 85' lang='lat' dir='ltr'><strong>edlioerent.</strong></span> <span class='ocrx_word' id='word_1_39' title='bbox 946 621 991 686; x_wconf 81' lang='lat' dir='ltr'><strong>Quo</strong></span> 
     </span>
     <span class='ocr_line' id='line_1_8' title="bbox 198 695 990 774; baseline -0.006 -19"><span class='ocrx_word' id='word_1_40' title='bbox 198 707 309 774; x_wconf 82' lang='lat' dir='ltr'><strong>peraeto,</strong></span> <span class='ocrx_word' id='word_1_41' title='bbox 326 717 412 770; x_wconf 89' lang='lat' dir='ltr'><strong>quum</strong></span> <span class='ocrx_word' id='word_1_42' title='bbox 422 715 455 752; x_wconf 84' lang='lat' dir='ltr'><strong>ex</strong></span> <span class='ocrx_word' id='word_1_43' title='bbox 464 695 569 752; x_wconf 82' lang='lat' dir='ltr'><strong>castello</strong></span> <span class='ocrx_word' id='word_1_44' title='bbox 579 711 725 767; x_wconf 82' lang='lat' dir='ltr'><strong>repugnare</strong></span> <span class='ocrx_word' id='word_1_45' title='bbox 734 695 898 766; x_wconf 79' lang='lat' dir='ltr'><strong>eoepissent,</strong></span> <span class='ocrx_word' id='word_1_46' title='bbox 915 704 939 750; x_wconf 90' lang='lat' dir='ltr'><strong>et</strong></span> <span class='ocrx_word' id='word_1_47' title='bbox 948 713 990 749; x_wconf 83' lang='lat' dir='ltr'><strong>ma·</strong></span> 
     </span>
     <span class='ocr_line' id='line_1_9' title="bbox 198 769 989 834; baseline -0.009 -5"><span class='ocrx_word' id='word_1_48' title='bbox 198 775 299 830; x_wconf 85' lang='lat' dir='ltr'><strong>ioribus</strong></span> <span class='ocrx_word' id='word_1_49' title='bbox 309 772 508 828; x_wconf 81' lang='lat' dir='ltr'><strong>castrisCaesari</strong></span> <span class='ocrx_word' id='word_1_50' title='bbox 520 770 634 826; x_wconf 84' lang='lat' dir='ltr'><strong>nuncius</strong></span> <span class='ocrx_word' id='word_1_51' title='bbox 643 777 711 824; x_wconf 84' lang='lat' dir='ltr'><strong>esset</strong></span> <span class='ocrx_word' id='word_1_52' title='bbox 719 769 838 834; x_wconf 85' lang='lat' dir='ltr'><strong>adlatus,</strong></span> <span class='ocrx_word' id='word_1_53' title='bbox 846 787 913 825; x_wconf 86' lang='lat' dir='ltr'><strong>oum</strong></span> <span class='ocrx_word' id='word_1_54' title='bbox 920 770 989 824; x_wconf 81' lang='lat' dir='ltr'><strong>tribus</strong></span> 
     </span>
     <span class='ocr_line' id='line_1_10' title="bbox 199 843 1002 928; baseline -0.007 -25"><span class='ocrx_word' id='word_1_55' title='bbox 199 848 347 921; x_wconf 78' lang='lat' dir='ltr'><strong>legionibus</strong></span> <span class='ocrx_word' id='word_1_56' title='bbox 357 854 397 900; x_wconf 89' lang='lat' dir='ltr'><strong>est</strong></span> <span class='ocrx_word' id='word_1_57' title='bbox 408 845 540 916; x_wconf 81' lang='lat' dir='ltr'><strong>profectus</strong></span> <span class='ocrx_word' id='word_1_58' title='bbox 549 852 584 911; x_wconf 84' lang='lat' dir='ltr'><strong>et,</strong></span> <span class='ocrx_word' id='word_1_59' title='bbox 595 861 681 916; x_wconf 86' lang='lat' dir='ltr'><strong>quum</strong></span> <span class='ocrx_word' id='word_1_60' title='bbox 690 843 724 898; x_wconf 89' lang='lat' dir='ltr'><strong>ad</strong></span> <span class='ocrx_word' id='word_1_61' title='bbox 734 859 779 897; x_wconf 83' lang='lat' dir='ltr'><strong>eos</strong></span> <span class='ocrx_word' id='word_1_62' title='bbox 787 843 990 916; x_wconf 84' lang='lat' dir='ltr'><strong>adpropinquas·</strong></span> <span class='ocrx_word' id='word_1_63' title='bbox 1001 863 1002 928; x_wconf 51' lang='lat' dir='ltr'><strong>i</strong></span> 
     </span>
     <span class='ocr_line' id='line_1_11' title="bbox 198 915 987 990; baseline -0.001 -15"><span class='ocrx_word' id='word_1_64' title='bbox 198 920 280 985; x_wconf 66' lang='lat' dir='ltr'><strong>setin</strong></span> <span class='ocrx_word' id='word_1_65' title='bbox 301 919 456 990; x_wconf 81' lang='lat' dir='ltr'><strong>aperterriti</strong></span> <span class='ocrx_word' id='word_1_66' title='bbox 464 919 609 975; x_wconf 86' lang='lat' dir='ltr'><strong>multisunt</strong></span> <span class='ocrx_word' id='word_1_67' title='bbox 619 915 987 990; x_wconf 82' lang='lat' dir='ltr'><strong>interiecti,oompluresoapti;</strong></span> 
     </span>
     <span class='ocr_line' id='line_1_12' title="bbox 199 937 986 1068; baseline -0.008 -18"><span class='ocrx_word' id='word_1_68' title='bbox 199 996 226 1050; x_wconf 90' lang='lat' dir='ltr'><strong>in</strong></span> <span class='ocrx_word' id='word_1_69' title='bbox 236 937 336 1064; x_wconf 41' lang='lat' dir='ltr'><strong>quibus</strong></span> <span class='ocrx_word' id='word_1_70' title='bbox 350 993 404 1048; x_wconf 86' lang='lat' dir='ltr'><strong>duo</strong></span> <span class='ocrx_word' id='word_1_71' title='bbox 417 992 433 1025; x_wconf 80' lang='lat'><em>*</em></span> <span class='ocrx_word' id='word_1_72' title='bbox 442 992 521 1051; x_wconf 87' lang='lat' dir='ltr'><strong>multi</strong></span> <span class='ocrx_word' id='word_1_73' title='bbox 533 1001 662 1064; x_wconf 82' lang='lat' dir='ltr'><strong>praeterea</strong></span> <span class='ocrx_word' id='word_1_74' title='bbox 673 991 755 1046; x_wconf 88' lang='lat' dir='ltr'><strong>ermis</strong></span> <span class='ocrx_word' id='word_1_75' title='bbox 768 993 848 1046; x_wconf 86' lang='lat' dir='ltr'><strong>exuti</strong></span> <span class='ocrx_word' id='word_1_76' title='bbox 862 991 986 1068; x_wconf 67' lang='lat' dir='ltr'><strong>fugerant</strong></span> 
     </span>
     <span class='ocr_line' id='line_1_13' title="bbox 198 1066 705 1140; baseline -0.012 -16"><span class='ocrx_word' id='word_1_77' title='bbox 198 1084 312 1140; x_wconf 87' lang='lat' dir='ltr'><strong>quorum</strong></span> <span class='ocrx_word' id='word_1_78' title='bbox 323 1075 395 1124; x_wconf 81' lang='lat' dir='ltr'><strong>scuta</strong></span> <span class='ocrx_word' id='word_1_79' title='bbox 406 1074 469 1122; x_wconf 87' lang='lat' dir='ltr'><strong>sunt</strong></span> <span class='ocrx_word' id='word_1_80' title='bbox 477 1067 556 1122; x_wconf 84' lang='lat' dir='ltr'><strong>relata</strong></span> <span class='ocrx_word' id='word_1_81' title='bbox 564 1066 705 1138; x_wconf 71' lang='lat' dir='ltr'><strong>odoginta.</strong></span> 
     </span>
    </p>

    <p class='ocr_par' dir='ltr' id='par_1_5' title="bbox 199 1137 1002 1792">
     <span class='ocr_line' id='line_1_14' title="bbox 252 1137 1002 1215; baseline -0.003 -19"><span class='ocrx_word' id='word_1_82' title='bbox 252 1141 290 1196; x_wconf 89' lang='lat' dir='ltr'><strong>X.</strong></span> <span class='ocrx_word' id='word_1_83' title='bbox 311 1142 461 1213; x_wconf 73' lang='lat' dir='ltr'><strong>Insequenti</strong></span> <span class='ocrx_word' id='word_1_84' title='bbox 472 1140 675 1215; x_wconf 75' lang='lat' dir='ltr'><strong>luoertrguetius</strong></span> <span class='ocrx_word' id='word_1_85' title='bbox 685 1137 798 1194; x_wconf 82' lang='lat' dir='ltr'><strong>exitalie</strong></span> <span class='ocrx_word' id='word_1_86' title='bbox 809 1155 879 1196; x_wconf 85' lang='lat' dir='ltr'><strong>oum</strong></span> <span class='ocrx_word' id='word_1_87' title='bbox 888 1142 988 1214; x_wconf 73' lang='lat' dir='ltr'><strong>oquitur</strong></span> <span class='ocrx_word' id='word_1_88' title='bbox 1001 1177 1002 1182; x_wconf 19' lang='grc' dir='ltr'><strong>κ</strong></span> 
     </span>
     <span class='ocr_line' id='line_1_15' title="bbox 199 1212 1002 1290; baseline -0.011 -17"><span class='ocrx_word' id='word_1_89' title='bbox 199 1215 278 1274; x_wconf 77' lang='lat' dir='ltr'><strong>venir.</strong></span> <span class='ocrx_word' id='word_1_90' title='bbox 304 1216 415 1288; x_wconf 84' lang='lat' dir='ltr'><strong>lseigna</strong></span> <span class='ocrx_word' id='word_1_91' title='bbox 425 1215 632 1288; x_wconf 80' lang='lat' dir='ltr'><strong>Saguntinorum</strong></span> <span class='ocrx_word' id='word_1_92' title='bbox 643 1212 731 1268; x_wconf 87' lang='lat' dir='ltr'><strong>retulit</strong></span> <span class='ocrx_word' id='word_1_93' title='bbox 741 1213 881 1286; x_wconf 82' lang='lat' dir='ltr'><strong>quinque,</strong></span> <span class='ocrx_word' id='word_1_94' title='bbox 891 1232 958 1288; x_wconf 79' lang='lat' dir='ltr'><strong>quae</strong></span> <span class='ocrx_word' id='word_1_95' title='bbox 967 1213 989 1266; x_wconf 86' lang='lat' dir='ltr'><strong>ab</strong></span> <span class='ocrx_word' id='word_1_96' title='bbox 1001 1241 1002 1290; x_wconf 56' lang='lat'><strong><em>;</em></strong></span> 
     </span>
     <span class='ocr_line' id='line_1_16' title="bbox 199 1289 1002 1362; baseline -0.005 -18"><span class='ocrx_word' id='word_1_97' title='bbox 199 1289 339 1362; x_wconf 86' lang='lat' dir='ltr'><strong>oppidanis</strong></span> <span class='ocrx_word' id='word_1_98' title='bbox 348 1290 425 1362; x_wconf 83' lang='lat' dir='ltr'><strong>oepit.</strong></span> <span class='ocrx_word' id='word_1_99' title='bbox 446 1289 500 1344; x_wconf 91' lang='lat' dir='ltr'><strong>Suo</strong></span> <span class='ocrx_word' id='word_1_100' title='bbox 513 1289 568 1344; x_wconf 89' lang='lat' dir='ltr'><strong>looo</strong></span> <span class='ocrx_word' id='word_1_101' title='bbox 582 1289 735 1360; x_wconf 81' lang='lat' dir='ltr'><strong>praeteritus</strong></span> <span class='ocrx_word' id='word_1_102' title='bbox 748 1295 799 1352; x_wconf 86' lang='lat' dir='ltr'><strong>est,</strong></span> <span class='ocrx_word' id='word_1_103' title='bbox 815 1291 897 1360; x_wconf 88' lang='lat' dir='ltr'><strong>quod</strong></span> <span class='ocrx_word' id='word_1_104' title='bbox 905 1290 1002 1362; x_wconf 60' lang='lat' dir='ltr'><strong>equire</strong></span> 
     </span>
     <span class='ocr_line' id='line_1_17' title="bbox 199 1362 990 1435; baseline -0.008 -13"><span class='ocrx_word' id='word_1_105' title='bbox 199 1381 231 1422; x_wconf 81' lang='lat' dir='ltr'><strong>tx</strong></span> <span class='ocrx_word' id='word_1_106' title='bbox 243 1365 385 1433; x_wconf 86' lang='lat' dir='ltr'><strong>lteliaoum</strong></span> <span class='ocrx_word' id='word_1_107' title='bbox 395 1362 891 1435; x_wconf 78' lang='lat' dir='ltr'><strong>Asprenateedtlaeseremvenissent.</strong></span> <span class='ocrx_word' id='word_1_108' title='bbox 911 1366 990 1420; x_wconf 79' lang='lat' dir='ltr'><strong>Eam</strong></span> 
     </span>
     <span class='ocr_line' id='line_1_18' title="bbox 200 1435 990 1511; baseline -0.003 -17"><span class='ocrx_word' id='word_1_109' title='bbox 200 1447 239 1494; x_wconf 87' lang='lat' dir='ltr'><strong>ote</strong></span> <span class='ocrx_word' id='word_1_110' title='bbox 244 1440 384 1511; x_wconf 88' lang='lat' dir='ltr'><strong>Pompeius</strong></span> <span class='ocrx_word' id='word_1_111' title='bbox 393 1446 477 1492; x_wconf 85' lang='lat' dir='ltr'><strong>cestre</strong></span> <span class='ocrx_word' id='word_1_112' title='bbox 486 1455 535 1492; x_wconf 87' lang='lat' dir='ltr'><strong>sua</strong></span> <span class='ocrx_word' id='word_1_113' title='bbox 545 1437 660 1492; x_wconf 89' lang='lat' dir='ltr'><strong>inoendit</strong></span> <span class='ocrx_word' id='word_1_114' title='bbox 668 1443 693 1490; x_wconf 92' lang='lat' dir='ltr'><strong>et</strong></span> <span class='ocrx_word' id='word_1_115' title='bbox 702 1435 903 1494; x_wconf 82' lang='lat' dir='ltr'><strong>adCordubem</strong></span> <span class='ocrx_word' id='word_1_116' title='bbox 914 1451 990 1496; x_wconf 74' lang='lat' dir='ltr'><strong>versut</strong></span> 
     </span>
     <span class='ocr_line' id='line_1_19' title="bbox 201 1509 1002 1586; baseline -0.006 -17"><span class='ocrx_word' id='word_1_117' title='bbox 201 1513 340 1569; x_wconf 87' lang='lat' dir='ltr'><strong>iterlaoera</strong></span> <span class='ocrx_word' id='word_1_118' title='bbox 349 1513 441 1584; x_wconf 81' lang='lat' dir='ltr'><strong>eoepit.</strong></span> <span class='ocrx_word' id='word_1_119' title='bbox 463 1513 527 1576; x_wconf 83' lang='lat' dir='ltr'><strong>Rex,</strong></span> <span class='ocrx_word' id='word_1_120' title='bbox 545 1510 734 1575; x_wconf 80' lang='lat' dir='ltr'><strong>uominelndo,</strong></span> <span class='ocrx_word' id='word_1_121' title='bbox 749 1509 1002 1586; x_wconf 70' lang='lat' dir='ltr'><strong>quioumequinu‘</strong></span> 
     </span>
     <span class='ocr_line' id='line_1_20' title="bbox 201 1584 991 1660; baseline 0 -18"><span class='ocrx_word' id='word_1_122' title='bbox 201 1607 263 1644; x_wconf 84' lang='lat' dir='ltr'><strong>sues</strong></span> <span class='ocrx_word' id='word_1_123' title='bbox 273 1587 361 1660; x_wconf 88' lang='lat' dir='ltr'><strong>oopias</strong></span> <span class='ocrx_word' id='word_1_124' title='bbox 376 1587 528 1651; x_wconf 80' lang='lat' dir='ltr'><strong>adduxerat,</strong></span> <span class='ocrx_word' id='word_1_125' title='bbox 545 1585 611 1640; x_wconf 88' lang='lat' dir='ltr'><strong>dum</strong></span> <span class='ocrx_word' id='word_1_126' title='bbox 624 1584 747 1655; x_wconf 81' lang='lat' dir='ltr'><strong>cupidius</strong></span> <span class='ocrx_word' id='word_1_127' title='bbox 762 1601 865 1657; x_wconf 89' lang='lat' dir='ltr'><strong>agmen</strong></span> <span class='ocrx_word' id='word_1_128' title='bbox 879 1589 991 1644; x_wconf 13' lang='lat' dir='ltr'><strong>*adversa</strong></span> 
     </span>
     <span class='ocr_line' id='line_1_21' title="bbox 201 1658 992 1788; baseline -0.004 -70"><span class='ocrx_word' id='word_1_129' title='bbox 201 1662 301 1719; x_wconf 84' lang='lat' dir='ltr'><strong>riorum</strong></span> <span class='ocrx_word' id='word_1_130' title='bbox 306 1661 469 1788; x_wconf 77' lang='lat' dir='ltr'><strong>finsequitur,</strong></span> <span class='ocrx_word' id='word_1_131' title='bbox 483 1658 654 1718; x_wconf 84' lang='lat' dir='ltr'><strong>uvernnoulis</strong></span> <span class='ocrx_word' id='word_1_132' title='bbox 663 1658 818 1732; x_wconf 78' lang='lat' dir='ltr'><strong>legionariis</strong></span> <span class='ocrx_word' id='word_1_133' title='bbox 826 1663 958 1735; x_wconf 78' lang='lat' dir='ltr'><strong>&#39;exeeptus</strong></span> <span class='ocrx_word' id='word_1_134' title='bbox 966 1667 992 1715; x_wconf 67' lang='lat' dir='ltr'><strong>ed</strong></span> 
     </span>
     <span class='ocr_line' id='line_1_22' title="bbox 201 1737 399 1792; baseline -0.01 -3"><span class='ocrx_word' id='word_1_135' title='bbox 201 1743 226 1790; x_wconf 88' lang='lat' dir='ltr'><strong>et</strong></span> <span class='ocrx_word' id='word_1_136' title='bbox 239 1737 306 1790; x_wconf 89' lang='lat' dir='ltr'><strong>inter</strong></span> <span class='ocrx_word' id='word_1_137' title='bbox 316 1743 399 1792; x_wconf 79' lang='lat' dir='ltr'><strong>eolus.</strong></span> 
     </span>
    </p>

    <p class='ocr_par' dir='ltr' id='par_1_6' title="bbox 201 1805 1002 2726">
     <span class='ocr_line' id='line_1_23' title="bbox 255 1805 993 1880; baseline -0.003 -16"><span class='ocrx_word' id='word_1_138' title='bbox 255 1810 304 1864; x_wconf 90' lang='lat' dir='ltr'><strong>Xl.</strong></span> <span class='ocrx_word' id='word_1_139' title='bbox 325 1811 429 1866; x_wconf 86' lang='lat' dir='ltr'><strong>Postero</strong></span> <span class='ocrx_word' id='word_1_140' title='bbox 438 1808 481 1863; x_wconf 89' lang='lat' dir='ltr'><strong>die</strong></span> <span class='ocrx_word' id='word_1_141' title='bbox 490 1815 592 1880; x_wconf 83' lang='lat' dir='ltr'><strong>equites</strong></span> <span class='ocrx_word' id='word_1_142' title='bbox 602 1806 684 1862; x_wconf 76' lang='lat' dir='ltr'><strong>nostri</strong></span> <span class='ocrx_word' id='word_1_143' title='bbox 697 1805 844 1879; x_wconf 84' lang='lat' dir='ltr'><strong>longiusad</strong></span> <span class='ocrx_word' id='word_1_144' title='bbox 851 1811 993 1868; x_wconf 79' lang='lat' dir='ltr'><strong>Conlubau</strong></span> 
     </span>
     <span class='ocr_line' id='line_1_24' title="bbox 201 1882 992 1954; baseline 0 -16"><span class='ocrx_word' id='word_1_145' title='bbox 201 1901 294 1938; x_wconf 87' lang='lat' dir='ltr'><strong>versus</strong></span> <span class='ocrx_word' id='word_1_146' title='bbox 312 1884 440 1954; x_wconf 79' lang='lat' dir='ltr'><strong>prosecuti</strong></span> <span class='ocrx_word' id='word_1_147' title='bbox 460 1889 524 1938; x_wconf 87' lang='lat' dir='ltr'><strong>sunt</strong></span> <span class='ocrx_word' id='word_1_148' title='bbox 542 1899 595 1946; x_wconf 82' lang='lat' dir='ltr'><strong>eos,</strong></span> <span class='ocrx_word' id='word_1_149' title='bbox 617 1882 664 1953; x_wconf 89' lang='lat' dir='ltr'><strong>qui</strong></span> <span class='ocrx_word' id='word_1_150' title='bbox 683 1889 849 1937; x_wconf 83' lang='lat' dir='ltr'><strong>commeatus</strong></span> <span class='ocrx_word' id='word_1_151' title='bbox 874 1885 908 1940; x_wconf 81' lang='lat' dir='ltr'><strong>ad</strong></span> <span class='ocrx_word' id='word_1_152' title='bbox 924 1893 992 1940; x_wconf 74' lang='lat' dir='ltr'><strong>testu</strong></span> 
     </span>
     <span class='ocr_line' id='line_1_25' title="bbox 203 1955 993 2028; baseline 0.001 -18"><span class='ocrx_word' id='word_1_153' title='bbox 203 1957 318 2028; x_wconf 86' lang='lat' dir='ltr'><strong>Pompeii</strong></span> <span class='ocrx_word' id='word_1_154' title='bbox 333 1975 366 2012; x_wconf 74' lang='lat' dir='ltr'><strong>ex</strong></span> <span class='ocrx_word' id='word_1_155' title='bbox 383 1957 480 2028; x_wconf 90' lang='lat' dir='ltr'><strong>oppido</strong></span> <span class='ocrx_word' id='word_1_156' title='bbox 498 1957 649 2026; x_wconf 51' lang='lat' dir='ltr'><strong>portabant3¹</strong></span> <span class='ocrx_word' id='word_1_157' title='bbox 668 1972 702 2010; x_wconf 85' lang='lat' dir='ltr'><strong>ex</strong></span> <span class='ocrx_word' id='word_1_158' title='bbox 717 1955 749 2008; x_wconf 89' lang='lat' dir='ltr'><strong>iis</strong></span> <span class='ocrx_word' id='word_1_159' title='bbox 763 1957 835 2026; x_wconf 85' lang='lat' dir='ltr'><strong>capti</strong></span> <span class='ocrx_word' id='word_1_160' title='bbox 849 1959 872 2013; x_wconf 91' lang='lat' dir='ltr'>L</span> <span class='ocrx_word' id='word_1_161' title='bbox 888 1975 952 2015; x_wconf 81' lang='lat' dir='ltr'><strong>cum</strong></span> <span class='ocrx_word' id='word_1_162' title='bbox 966 1960 993 2012; x_wconf 86' lang='lat' dir='ltr'><strong>iu-</strong></span> 
     </span>
     <span class='ocr_line' id='line_1_26' title="bbox 203 2029 991 2098; baseline 0.006 -14"><span class='ocrx_word' id='word_1_163' title='bbox 203 2030 297 2084; x_wconf 83' lang='lat' dir='ltr'><strong>mentis</strong></span> <span class='ocrx_word' id='word_1_164' title='bbox 311 2029 345 2084; x_wconf 87' lang='lat' dir='ltr'><strong>ad</strong></span> <span class='ocrx_word' id='word_1_165' title='bbox 361 2040 448 2086; x_wconf 88' lang='lat' dir='ltr'><strong>nostra</strong></span> <span class='ocrx_word' id='word_1_166' title='bbox 462 2031 566 2086; x_wconf 82' lang='lat' dir='ltr'><strong>adducti</strong></span> <span class='ocrx_word' id='word_1_167' title='bbox 581 2037 644 2086; x_wconf 90' lang='lat' dir='ltr'><strong>sunt</strong></span> <span class='ocrx_word' id='word_1_168' title='bbox 662 2036 756 2084; x_wconf 82' lang='lat' dir='ltr'><strong>cestre.</strong></span> <span class='ocrx_word' id='word_1_169' title='bbox 786 2031 895 2088; x_wconf 84' lang='lat' dir='ltr'><strong>Eodem</strong></span> <span class='ocrx_word' id='word_1_170' title='bbox 915 2035 958 2089; x_wconf 92' lang='lat' dir='ltr'><strong>die</strong></span> <span class='ocrx_word' id='word_1_171' title='bbox 971 2031 991 2098; x_wconf 82' lang='lat' dir='ltr'><strong>Q.</strong></span> 
     </span>
     <span class='ocr_line' id='line_1_27' title="bbox 202 2103 991 2176; baseline 0.003 -18"><span class='ocrx_word' id='word_1_172' title='bbox 202 2103 324 2167; x_wconf 83' lang='lat' dir='ltr'><strong>Marcius,</strong></span> <span class='ocrx_word' id='word_1_173' title='bbox 341 2104 465 2160; x_wconf 86' lang='lat' dir='ltr'><strong>tribunus</strong></span> <span class='ocrx_word' id='word_1_174' title='bbox 475 2105 589 2160; x_wconf 89' lang='lat' dir='ltr'><strong>militum</strong></span> <span class='ocrx_word' id='word_1_175' title='bbox 600 2105 647 2176; x_wconf 92' lang='lat' dir='ltr'><strong>qui</strong></span> <span class='ocrx_word' id='word_1_176' title='bbox 657 2103 751 2158; x_wconf 84' lang='lat' dir='ltr'><strong>luisset</strong></span> <span class='ocrx_word' id='word_1_177' title='bbox 758 2104 894 2176; x_wconf 89' lang='lat' dir='ltr'><strong>Pompeii,</strong></span> <span class='ocrx_word' id='word_1_178' title='bbox 915 2109 949 2164; x_wconf 87' lang='lat' dir='ltr'><strong>ad</strong></span> <span class='ocrx_word' id='word_1_179' title='bbox 960 2121 991 2162; x_wconf 77' lang='lat' dir='ltr'><strong>not</strong></span> 
     </span>
     <span class='ocr_line' id='line_1_28' title="bbox 202 2175 993 2251; baseline 0.003 -19"><span class='ocrx_word' id='word_1_180' title='bbox 202 2175 355 2250; x_wconf 79' lang='lat' dir='ltr'><strong>transfugit,</strong></span> <span class='ocrx_word' id='word_1_181' title='bbox 375 2185 400 2232; x_wconf 90' lang='lat' dir='ltr'><strong>et</strong></span> <span class='ocrx_word' id='word_1_182' title='bbox 414 2179 496 2234; x_wconf 85' lang='lat' dir='ltr'><strong>noctis</strong></span> <span class='ocrx_word' id='word_1_183' title='bbox 510 2179 584 2234; x_wconf 85' lang='lat' dir='ltr'><strong>tertia</strong></span> <span class='ocrx_word' id='word_1_184' title='bbox 602 2177 693 2251; x_wconf 80' lang='lat' dir='ltr'><strong>vigilia</strong></span> <span class='ocrx_word' id='word_1_185' title='bbox 712 2177 740 2231; x_wconf 91' lang='lat' dir='ltr'><strong>in</strong></span> <span class='ocrx_word' id='word_1_186' title='bbox 759 2179 861 2250; x_wconf 79' lang='lat' dir='ltr'><strong>oppido</strong></span> <span class='ocrx_word' id='word_1_187' title='bbox 879 2185 993 2237; x_wconf 79' lang='lat' dir='ltr'><strong>aoerrinr</strong></span> 
     </span>
     <span class='ocr_line' id='line_1_29' title="bbox 202 2252 1002 2326; baseline -0.004 -18"><span class='ocrx_word' id='word_1_188' title='bbox 202 2259 350 2326; x_wconf 73' lang='lat' dir='ltr'><strong>piignetum</strong></span> <span class='ocrx_word' id='word_1_189' title='bbox 373 2260 421 2318; x_wconf 86' lang='lat' dir='ltr'><strong>eet,</strong></span> <span class='ocrx_word' id='word_1_190' title='bbox 446 2254 590 2326; x_wconf 82' lang='lat' dir='ltr'><strong>ignemque</strong></span> <span class='ocrx_word' id='word_1_191' title='bbox 609 2252 724 2307; x_wconf 88' lang='lat' dir='ltr'><strong>multum</strong></span> <span class='ocrx_word' id='word_1_192' title='bbox 745 2252 894 2322; x_wconf 80' lang='lat' dir='ltr'><strong>miserunt,</strong></span> <span class='ocrx_word' id='word_1_193' title='bbox 919 2259 958 2312; x_wconf 87' lang='lat' dir='ltr'><strong>sio</strong></span> <span class='ocrx_word' id='word_1_194' title='bbox 975 2261 1002 2318; x_wconf 80' lang='lat' dir='ltr'><strong>ut</strong></span> 
     </span>
     <span class='ocr_line' id='line_1_30' title="bbox 201 2325 1002 2400; baseline 0.007 -18"><span class='ocrx_word' id='word_1_195' title='bbox 201 2343 384 2400; x_wconf 79' lang='lat' dir='ltr'><strong>ommgmns,</strong></span> <span class='ocrx_word' id='word_1_196' title='bbox 405 2328 504 2399; x_wconf 90' lang='lat' dir='ltr'><strong>quihus</strong></span> <span class='ocrx_word' id='word_1_197' title='bbox 520 2327 590 2400; x_wconf 86' lang='lat' dir='ltr'><strong>ignis</strong></span> <span class='ocrx_word' id='word_1_198' title='bbox 604 2344 651 2398; x_wconf 88' lang='lat' dir='ltr'><strong>per</strong></span> <span class='ocrx_word' id='word_1_199' title='bbox 665 2326 747 2380; x_wconf 87' lang='lat' dir='ltr'><strong>iactus</strong></span> <span class='ocrx_word' id='word_1_200' title='bbox 760 2325 860 2382; x_wconf 87' lang='lat' dir='ltr'><strong>solitus</strong></span> <span class='ocrx_word' id='word_1_201' title='bbox 875 2340 918 2385; x_wconf 84' lang='lat' dir='ltr'><strong>eet</strong></span> <span class='ocrx_word' id='word_1_202' title='bbox 928 2325 1002 2388; x_wconf 53' lang='lat' dir='ltr'><strong>mittis</strong></span> 
     </span>
     <span class='ocr_line' id='line_1_31' title="bbox 202 2399 992 2472; baseline 0.008 -16"><span class='ocrx_word' id='word_1_203' title='bbox 202 2407 372 2458; x_wconf 85' lang='lat' dir='ltr'><strong>exemeretur.</strong></span> <span class='ocrx_word' id='word_1_204' title='bbox 401 2403 454 2456; x_wconf 86' lang='lat' dir='ltr'><strong>lloo</strong></span> <span class='ocrx_word' id='word_1_205' title='bbox 472 2401 609 2472; x_wconf 84' lang='lat' dir='ltr'><strong>praeterito</strong></span> <span class='ocrx_word' id='word_1_206' title='bbox 626 2408 755 2471; x_wconf 85' lang='lat' dir='ltr'><strong>tempore,</strong></span> <span class='ocrx_word' id='word_1_207' title='bbox 779 2399 812 2455; x_wconf 88' lang='lat' dir='ltr'><strong>C.</strong></span> <span class='ocrx_word' id='word_1_208' title='bbox 831 2403 992 2462; x_wconf 79' lang='lat' dir='ltr'><strong>Fundanius.</strong></span> 
     </span>
     <span class='ocr_line' id='line_1_32' title="bbox 201 2473 995 2599; baseline 0.006 -72"><span class='ocrx_word' id='word_1_209' title='bbox 201 2489 283 2599; x_wconf 58' lang='lat' dir='ltr'><strong>gques</strong></span> <span class='ocrx_word' id='word_1_210' title='bbox 292 2476 436 2540; x_wconf 83' lang='lat' dir='ltr'><strong>Romanus,</strong></span> <span class='ocrx_word' id='word_1_211' title='bbox 448 2493 481 2530; x_wconf 81' lang='lat' dir='ltr'><strong>ex</strong></span> <span class='ocrx_word' id='word_1_212' title='bbox 491 2475 582 2530; x_wconf 85' lang='lat' dir='ltr'><strong>eastris</strong></span> <span class='ocrx_word' id='word_1_213' title='bbox 592 2473 803 2529; x_wconf 83' lang='lat' dir='ltr'><strong>adversariorum</strong></span> <span class='ocrx_word' id='word_1_214' title='bbox 813 2475 850 2530; x_wconf 89' lang='lat' dir='ltr'><strong>ed</strong></span> <span class='ocrx_word' id='word_1_215' title='bbox 860 2495 914 2534; x_wconf 87' lang='lat' dir='ltr'><strong>nos</strong></span> <span class='ocrx_word' id='word_1_216' title='bbox 923 2487 995 2535; x_wconf 77' lang='lat' dir='ltr'><strong>treus·</strong></span> 
     </span>
     <span class='ocr_line' id='line_1_33' title="bbox 214 2546 1002 2602; baseline -0.01 -2"><span class='ocrx_word' id='word_1_217' title='bbox 214 2563 231 2600; x_wconf 89' lang='lat' dir='ltr'><strong>u</strong></span> <span class='ocrx_word' id='word_1_218' title='bbox 252 2546 281 2602; x_wconf 89' lang='lat' dir='ltr'><strong>it.</strong></span> <span class='ocrx_word' id='word_1_219' title='bbox 1001 2581 1002 2592; x_wconf 67' lang='grc'>,</span> 
     </span>
     <span class='ocr_line' id='line_1_34' title="bbox 232 2564 995 2694; baseline 0.003 -21"><span class='ocrx_word' id='word_1_220' title='bbox 232 2564 313 2674; x_wconf 77' lang='lat' dir='ltr'><strong>gllll.</strong></span> <span class='ocrx_word' id='word_1_221' title='bbox 334 2621 438 2676; x_wconf 87' lang='lat' dir='ltr'><strong>Postero</strong></span> <span class='ocrx_word' id='word_1_222' title='bbox 452 2621 494 2678; x_wconf 89' lang='lat' dir='ltr'><strong>die</strong></span> <span class='ocrx_word' id='word_1_223' title='bbox 508 2637 541 2676; x_wconf 84' lang='lat' dir='ltr'><strong>ex</strong></span> <span class='ocrx_word' id='word_1_224' title='bbox 555 2619 658 2694; x_wconf 81' lang='lat' dir='ltr'><strong>legione</strong></span> <span class='ocrx_word' id='word_1_225' title='bbox 672 2619 813 2676; x_wconf 76' lang='lat' dir='ltr'><strong>vernacula</strong></span> <span class='ocrx_word' id='word_1_226' title='bbox 827 2623 931 2681; x_wconf 77' lang='lat' dir='ltr'><strong>milites</strong></span> <span class='ocrx_word' id='word_1_227' title='bbox 946 2631 995 2680; x_wconf 84' lang='lat' dir='ltr'><strong>sunt</strong></span> 
     </span>
    </p>
   </div>
   <div class='ocr_carea' id='block_1_5' title="bbox 0 0 1032 2992">
    <p class='ocr_par' dir='ltr' id='par_1_7' title="bbox 0 0 1032 2992">
     <span class='ocr_line' id='line_1_35' title="bbox 0 0 1032 2992; baseline 0 0"><span class='ocrx_word' id='word_1_228' title='bbox 0 0 1032 2992; x_wconf 95' lang='lat' dir='ltr'><strong> </strong></span> 
     </span>
    </p>
   </div>
  </div>
 </body>
</html>
