2064 2996
281 171 357 218 nm.
370 175 412 218 11.
444 176 637 237 cernuas}
829 203 861 256 to

56 261 225 340 redintegrato
239 269 345 340 proelio
360 272 392 327 in
406 272 497 348 fugam
516 282 653 344 dederunt.
675 295 739 350 Item
762 299 812 358 alia
832 308 859 364 in

52 345 120 406 parte
130 339 257 397 diversae
265 344 336 400 duae
347 344 476 420 legiones,
492 357 632 417 undecima
646 373 671 419 et
684 378 782 440 octava,
799 396 859 450 pro-

49 409 139 484 fligatis
154 416 367 485 veremendum,
391 423 553 492 quibuscum
572 445 646 493 erant
661 451 804 518 congressi,
825 472 858 510 ex

48 483 99 540 icoo
107 491 288 560 superiorein
303 494 373 566 ipsis
386 493 506 558 fluminis
518 506 584 578 ripis
596 507 803 583 proeliabantur.
824 527 857 583 tt

45 565 99 614 tum
119 565 182 618 totis
197 564 256 620 fere
270 585 286 621 a
299 567 389 624 fronte
399 573 583 638 etabsinistra
599 596 674 658 parte
686 595 794 652 nudatis
813 617 856 655 ca-

43 634 112 700 stris,
119 655 208 709 quum
219 641 250 695 in
260 641 357 698 dextro
366 661 451 701 cornu
460 648 528 726 legio
537 655 690 720 duodecima
700 676 725 722 et
734 687 787 726 non
798 691 855 730 ma-

42 711 136 780 gnoab
145 729 176 767 ea
186 715 332 772 intervallo
341 719 456 790 septima
471 731 634 802 constitisset,
655 755 748 799 omnes
763 747 853 806 Nervii

41 783 236 842 confertissimo
246 792 367 864 agmine,
386 793 453 851 duce
461 798 638 878 Boduognato,
658 817 706 886 qui
715 835 850 881 summam

40 856 143 928 imperii
152 863 272 930 tenebat,
289 867 401 922 adeum
412 867 496 929 locum
511 884 712 946 contenderunt:
734 911 849 966 quorum

38 944 195 1006 parsaperto
207 936 290 994 latere
299 939 422 1014 legiones
432 947 628 1026 circumvenire,
638 978 700 1033 pars
709 985 848 1030 summum

37 1014 184 1064 castrorum
195 1010 286 1068 locum
294 1023 388 1086 petere
397 1023 486 1092 coepit.

89 1082 190 1142 XXIV.
209 1086 315 1144 Eodem
326 1097 446 1179 tempore
458 1101 558 1170 equites
572 1111 655 1165 nostri
669 1111 789 1189 levisque
804 1139 847 1176 er-

36 1163 156 1212 mamrae
163 1161 276 1230 pedites,
295 1165 347 1236 qui
357 1183 421 1220 cum
431 1169 464 1224 ris
476 1189 530 1230 una
544 1175 656 1251 fuerant,
678 1205 746 1260 quos
758 1195 846 1263 primo
927 1215 930 1223 ¹

35 1226 153 1286 bostium
164 1234 266 1306 impetu
276 1238 376 1308 pulsos
387 1239 513 1314 dixeram,
530 1268 615 1323 quum
625 1277 654 1314 se
664 1261 692 1316 in
706 1274 789 1322 castra
803 1289 845 1325 re-

35 1303 158 1374 ciperent,
174 1310 298 1366 adversis
308 1313 434 1371 hostibus
444 1327 651 1389 occurrebantac
660 1353 754 1394 rursus
764 1342 843 1399 aliam

35 1375 63 1428 in
73 1388 171 1447 partem
181 1383 277 1459 sugam
288 1387 426 1458 petebant:
440 1401 464 1448 et
472 1398 584 1468 calones,
597 1408 644 1477 qui
655 1409 688 1463 ab
698 1411 842 1473 decumana

32 1459 108 1520 porta
131 1472 159 1510 ac
178 1477 293 1515 summo
313 1462 381 1534 iugo
398 1465 470 1524 collis
493 1482 596 1530 nostros
616 1481 725 1538 victores
742 1486 841 1546 flumen

33 1527 155 1586 transisse
163 1543 375 1606 conspexerant,
386 1544 530 1608 praedandi
538 1565 631 1606 caussa
640 1560 747 1628 egressi,
756 1578 841 1632 quum

32 1605 207 1672 respexissent
223 1617 250 1664 et
266 1609 362 1664 hostes
375 1611 403 1666 in
418 1620 515 1674 nostris
529 1625 621 1679 castris
640 1633 740 1685 versari
757 1635 841 1690 vidis-

31 1683 96 1742 sent,
107 1683 267 1754 praecipites
276 1683 361 1757 fugae
374 1703 431 1742 sese
444 1694 613 1753 mandabant.
634 1700 719 1758 Simul
737 1723 837 1777 eorum,

29 1750 76 1817 qui
90 1767 151 1808 eum
164 1757 374 1827 impedimentis
389 1765 537 1835 veniebant,
554 1770 652 1829 clamor
665 1776 839 1856 fremitusque

28 1823 167 1894 oriebatur,
180 1829 285 1902 aliique
295 1831 379 1886 aliam
388 1833 414 1889 in
422 1848 523 1908 partem
533 1850 662 1916 perterriti
676 1851 836 1916 ferebantur.

28 1895 130 1961 Quibus
147 1905 288 1959 omnibus«
296 1905 380 1962 rebus
392 1917 503 1980 permoti
517 1921 619 1991 equites
639 1925 748 1997 Treviri,
769 1951 836 2006 que

27 1988 87 2026 rum
97 1973 166 2030 inter
174 1976 270 2034 Gallos
283 1981 393 2036 virtutis
404 1988 493 2072 opinio
502 2001 542 2048 est
557 1996 710 2072 singularis,
726 2008 773 2080 qui
788 2028 836 2066 au-

27 2043 84 2101 xilii
102 2065 199 2106 caussa
213 2053 249 2108 ab
264 2053 374 2110 civitate
392 2065 468 2118 missi
487 2066 521 2121 ad
541 2068 678 2131 Caesarem
698 2093 831 2152 venerant,

27 2135 112 2189 quum
133 2125 314 2183 multitudine
337 2130 455 2191 hostium
477 2149 561 2197 castra
584 2155 672 2205 nostra
695 2157 830 2226 compleri,

26 2192 140 2268 legiones
152 2203 242 2272 premi
256 2210 284 2257 et
295 2220 382 2275 paene
400 2209 591 2272 circumventas
605 2227 696 2292 teneri,
718 2229 830 2299 calones,

26 2270 134 2340 equites,
146 2273 310 2342 funditores,
323 2279 462 2352 Numidas,
474 2288 592 2348 diversos
602 2295 796 2373 dissipatosque
804 2305 833 2359 in

26 2358 115 2401 omnes
123 2355 214 2420 per-tes
224 2348 321 2424 fugere
333 2353 468 2427 vidissent,
480 2362 623 2437 desperatis
633 2372 730 2426 nostris
740 2375 829 2443 rebus,

26 2415 132 2477 domum
146 2425 359 2482 eonmnderunt:
379 2429 511 2492 Romanos
524 2439 617 2510 pulsos
630 2453 828 2519 superatosque,

27 2495 114 2550 castris
125 2497 386 2573 impedimentisque
398 2523 491 2566 eorum
503 2511 593 2569 hostes
605 2516 710 2587 potitos,
732 2519 832 2579 civitati

28 2570 259 2628 renunciaverunt.

77 2642 163 2701 XXV.
185 2645 293 2714 Caesar,
315 2649 351 2704 ab
364 2649 481 2713 decimae
491 2655 603 2730 legionis
613 2659 789 2718 cohortatione
798 2670 830 2721 ad
872 2712 876 2720 .

61 2731 110 2786 iou.
125 2734 201 2790 Csss.
643 2749 666 2800 D
