2064 2996
277 173 286 184 ν
304 151 376 198 LIB.
389 153 425 198 II.
455 153 534 201 cAP.
547 155 571 200 8.
583 155 607 200 e.
821 155 848 208 ll

61 261 147 318 mena,
167 258 200 308 ut
208 250 285 306 fumo
297 258 379 322 atque
391 251 499 324 ignibus
511 252 717 326 significabatur,
738 255 853 328 amplius

58 327 173 383 millibus
185 333 317 398 passuum
327 325 389 380 VIII
399 326 426 379 in
437 325 599 382 latitudinem
611 327 741 397 patebant.

105 403 176 460 VIII.
198 400 296 456 Caesar
312 400 410 472 primo,
431 407 457 454 et
473 409 578 473 propter
592 401 791 458 multitudinem
805 404 853 460 bo-

53 477 142 542 stium,
159 482 186 531 et
198 482 306 546 propter
321 474 448 530 eximiam
459 475 609 546 opinionem
623 475 737 541 virtutis,
757 479 854 548 proelio

51 551 225 622 supersedere
233 549 341 616 statuit;
362 548 480 620 quotidie
495 557 583 604 tamen
596 551 765 622 equestribus
779 568 854 622 proe-

52 624 104 692 liis,
116 623 185 697 quid
193 622 282 678 hostis
290 623 390 677 virtute
401 630 490 693 posset
502 630 528 679 et
540 623 608 696 quid
620 625 704 680 nostri
716 625 851 691 auderent,

51 699 261 770 periclitabenu.
280 697 332 752 Ubi
347 704 451 752 nostros
465 714 517 754 nou
533 715 591 754 esse
605 699 740 756 interiores
753 700 855 758 intelle·

51 775 98 840 xit,
111 772 168 830 loeo
177 789 229 844 pro
238 771 342 838 castris,
361 771 395 826 ad
409 772 490 827 aciem
504 772 684 830 instruendum
698 782 792 832 netura
806 793 854 848 op-

50 856 164 920 portuno
173 853 257 918 atque
267 845 372 911 idoneo,
388 845 469 918 (quod
480 847 594 914 isoollis,
609 849 657 904 ubi
671 857 755 906 eastra
768 851 853 923 posita

50 930 132 989 eram,
152 919 309 994 paullulum
326 937 361 975 ex
374 919 483 991 planitie
494 921 589 989 editus,
609 924 853 982 tantumadversus

51 998 78 1052 in
88 996 259 1052 latitudInem
270 995 386 1067 patebat,
399 1003 529 1068 quantum
540 996 589 1052 Iooi
598 999 665 1054 soles
674 999 802 1056 instructa
809 1017 853 1056 oo·

51 1089 146 1142 oupare
154 1076 267 1143 poterat,
289 1076 371 1141 atque
383 1086 417 1125 ex
430 1075 541 1142 utraque
553 1078 626 1141 purte
637 1072 724 1128 leteris
738 1074 853 1130 deieotus

49 1146 163 1201 babebat
171 1153 198 1200 et
211 1144 325 1200 nonem
340 1143 432 1198 leniter
445 1141 582 1218 fastigatus
593 1145 731 1216 paullatim
749 1147 783 1202 ad
796 1148 853 1220 pla-

51 1221 142 1276 nitiem
160 1217 275 1292 redibat)
293 1218 328 1274 ab
343 1224 455 1289 utroque
471 1217 550 1274 latere
562 1219 620 1274 eius
634 1220 709 1290 oollis
721 1227 852 1278 transver-

53 1313 109 1348 sam
117 1294 216 1350 iossam
225 1291 343 1349 obduxit
351 1292 452 1348 circiter
464 1310 593 1365 passuum
605 1294 625 1350 C
634 1293 665 1360 D,
681 1301 707 1352 et
720 1295 754 1350 ad
767 1303 854 1352 extre·

54 1369 201 1424 maslossas
211 1367 321 1424 castella
335 1368 478 1433 eonstituit,
500 1368 591 1440 iquue
603 1375 730 1426 tormenta
744 1369 854 1428 oolloea·

53 1444 101 1510 vit,
113 1461 152 1511 ne,
164 1461 253 1517 quum
265 1442 351 1498 aciem
361 1442 537 1510 instruxisset,
552 1443 649 1508 hostes,
665 1443 738 1516 quod
749 1451 852 1500 tantum

52 1518 223 1576 multitudine
231 1523 364 1590 poterant,
380 1517 414 1574 eb
424 1515 549 1574 lateribus
562 1524 711 1590 pugnantes
724 1534 787 1574 suos
802 1519 854 1574 oir-

51 1595 203 1650 cumvenire
212 1599 334 1664 possent.
354 1591 408 1646 Hoc
416 1589 491 1657 laeto,
502 1591 608 1648 duabus
618 1589 776 1662 legionibus,
786 1608 854 1663 quas
874 1651 875 1656 ἵ

50 1669 170 1738 proxime
183 1667 392 1738 conscripserat,
414 1666 440 1722 in
457 1666 550 1722 eastris
562 1664 674 1731 relictis,
693 1671 739 1731 ut,
758 1665 783 1720 si
801 1682 854 1738 qua

51 1759 116 1813 opus
127 1751 207 1809 esset,
219 1740 344 1798 subsidio
353 1739 414 1795 duoi
424 1747 541 1812 possent,
555 1739 672 1812 reliquas
680 1755 728 1796 sex
737 1738 854 1814 legiones

52 1818 238 1887 pronastrisIn
249 1814 459 1872 acieconstituit.
478 1816 570 1872 Hostes
579 1815 642 1872 item
651 1831 714 1872 suas
723 1815 810 1889 oopies
819 1831 853 1872 ex

51 1893 141 1946 castris
153 1891 262 1946 eductas
272 1891 464 1946 instruxerant.

103 1967 150 2020 IX.
172 1965 252 2021 Palus
263 1972 319 2021 erat
328 1981 382 2020 non
391 1981 487 2038 magne
505 1964 573 2020 inter
581 1970 701 2021 nostrum
713 1973 792 2039 atque
804 1965 853 2022 bo·

52 2040 132 2094 stium
142 2041 297 2096 exereitum.
317 2039 392 2094 Hane
403 2039 428 2092 si
441 2040 522 2094 nostri
536 2040 685 2106 transirent,
705 2041 793 2096 hostes
806 2057 853 2097 ex-

53 2115 217 2184 spectabant:
238 2113 324 2169 nostn‘
334 2119 432 2177 autem,
444 2113 466 2168 si
476 2113 509 2168 ab
520 2113 572 2168 ilIIs
582 2114 688 2172 initium
698 2114 853 2172 transeundi

54 2187 132 2254 lieret,
140 2197 170 2243 ut
181 2188 323 2259 impeditos
332 2186 542 2258 adgrederentur,
549 2189 630 2259 parati
640 2189 669 2244 in
678 2190 759 2245 armis
768 2195 851 2244 erant.

53 2262 160 2317 Interim
170 2262 271 2334 proelio
280 2261 398 2333 equestri
409 2262 475 2316 inter
484 2261 550 2317 dues
559 2263 626 2318 acles
639 2263 851 2319 contendebatur.

55 2335 103 2390 Ubi
112 2336 199 2392 neutri
208 2335 366 2392 transeundi
379 2334 484 2392 initium
494 2335 600 2403 iaciunt,
611 2337 766 2394 secundiore
778 2333 855 2405 equi-

55 2415 110 2464 tum
120 2410 219 2481 proelio
227 2411 338 2474 nostris,
350 2409 444 2466 Caesar
453 2427 516 2468 suos
526 2412 554 2466 in
563 2419 648 2466 castra
661 2409 776 2464 reduxit.
802 2409 855 2462 llo·

56 2489 106 2538 stes
114 2485 281 2556 protinusex
298 2501 331 2540 oo
345 2483 401 2539 loeo
415 2481 448 2539 ad
465 2483 562 2540 llumen
577 2489 698 2540 Axonam
715 2481 855 2536 oontsnde-

57 2565 126 2624 runt,
147 2557 221 2630 quod
237 2576 295 2614 esse
309 2565 369 2630 post
383 2565 471 2616 nostra
486 2567 569 2614 oestra
578 2558 787 2613 demonstratum
806 2561 853 2608 est.

57 2630 95 2685 Ibl
104 2633 181 2688 vadis
190 2634 310 2706 repertis,
316 2639 419 2704 partem
428 2649 537 2688 suerum
546 2631 681 2701 oopisrum
690 2625 857 2681 transducere
