2072 2998
289 141 365 189 LIB.
378 143 412 190 V.
442 143 523 190 CAP.
538 145 578 190 ⁶6.
593 145 637 191 bl.
813 143 861 198 ⁴23

47 243 150 298 civitati
169 241 373 298 Germanorum
392 241 544 314 persuaderi
561 243 661 314 potuit,
689 251 720 300 ut
739 245 861 304 Rhenum

49 319 183 383 transiret,
206 333 329 388 quamue
339 320 507 386 biaempertoe
518 317 643 382 diesnent,
661 318 789 375 Ariouisti
799 325 863 377 ballo

50 402 75 449 et
85 395 313 448 Tanebtberorum
328 398 450 456 tramite,
470 407 522 447 nora
536 409 589 447 oasa
602 395 717 461 amplios
731 398 863 463 [ortonam

49 473 215 524 tentandam.
238 467 294 520 Hae
303 481 352 537 spe
361 465 451 538 lapsus
462 467 666 532 Indutiomarus,
679 467 763 522 nihilo
772 469 862 523 minus

46 544 137 615 eopias
148 557 257 615 eogere,
269 555 400 605 exeruere,
416 559 432 595 e
445 541 656 614 finitimis'equos
665 557 767 614 parare,
781 559 863 598 exsu-

46 617 87 673 les
97 617 302 688 damnamusque
312 623 366 670 tota
378 615 465 670 Gallia
473 617 579 690 maguis
590 617 716 688 praemiis
727 618 760 672 ad
772 633 802 672 so
814 618 862 672 ad-

46 693 128 748 lioere
136 692 237 764 eoepit.
262 691 303 744 Ae
322 697 422 745 tantam
441 691 493 746 sibi
511 691 566 745 iam
584 692 619 746 iis
637 692 718 746 rebus
732 693 761 748 in
775 691 861 748 Gallia

46 767 236 824 auctoritatem
245 773 453 837 eomparaverat,
469 773 499 821 ut
508 765 628 838 undique
637 766 671 822 ad
681 780 743 822 eum
753 767 862 842 legatio·

45 859 96 898 nes
106 847 309 904 eoncurrerent,
326 841 439 914 gratiam
448 845 527 914 atque
535 840 678 897 amicitiam
688 842 794 914 publius
804 844 861 916 pri-

45 918 192 988 vatimque
202 919 334 986 peterent.

105 991 176 1048 LVI.
200 989 252 1044 Ubi
272 987 403 1044 intellexit
422 987 491 1043 ultro
509 989 542 1044 ad
560 1003 591 1045 se
608 989 708 1057 veniri,
729 990 807 1047 altere
826 997 860 1047 'ex

45 1073 125 1139 parto
139 1065 262 1120 Senones
276 1063 459 1134 Caerumque
471 1065 629 1119 eensoieatia
647 1064 770 1120 laoinoris
782 1067 860 1122 insti-

47 1141 119 1214 gari,
132 1139 216 1194 altera
230 1138 343 1192 Nervios
350 1136 554 1210 Aduatucosque
566 1137 667 1195 bellum
677 1141 803 1197 Romame
812 1159 859 1213 pu-

48 1229 119 1280 rare,
145 1227 237 1284 neque
257 1212 311 1266 sibi
329 1211 539 1268 voluntariorum
552 1214 640 1286 mpias
661 1213 760 1280 delore,
784 1217 807 1270 si
826 1233 859 1271 ox

51 1288 155 1345 linibus
165 1288 225 1341 suis
234 1286 361 1359 progredi
370 1286 510 1358 eoepisset:
524 1295 654 1344 armatum
666 1290 807 1345 oouoilium
817 1293 859 1345 in·

49 1364 128 1428 dicit,
150 1361 213 1438 [hee
225 1377 302 1416 more
313 1360 452 1416 Gallorum
467 1370 508 1418 est
521 1363 628 1418 initium
640 1362 714 1438 belli]
733 1379 788 1436 quo
802 1364 859 1438 lege

48 1437 192 1495 communi
202 1451 298 1492 omnm
307 1435 421 1507 puberes
430 1438 524 1492 armati
535 1438 675 1493 eonvenirs
683 1448 856 1506 oonsuerunt3

47 1516 98 1588 qui
108 1529 144 1569 ex
157 1511 196 1566 iis
212 1511 380 1566 nouissimus
390 1511 471 1577 venit,
492 1512 521 1566 ia
530 1519 670 1582 eonspectu
680 1511 859 1566 multitudinis

46 1589 183 1646 omnibus
198 1585 363 1641 eruciatibus
376 1584 621 1640 adleetua‘nemtur.
650 1585 681 1638 ln
699 1599 731 1640 eo
750 1585 859 1640 oonoilio

48 1661 268 1739 Cingetorigem,
289 1659 398 1714 alterius
413 1661 559 1732 prinoipem
574 1657 711 1724 iectionis,
731 1675 858 1733 genem

49 1755 144 1804 suum,
157 1736 249 1810 (quem
260 1749 343 1806 supra
352 1733 600 1799 demonstravimus,
611 1733 730 1789 Caesaris
739 1740 859 1788 seoutum

50 1815 143 1879 iidem,
167 1812 202 1866 ab
220 1826 253 1864 eo
265 1808 493 1937 nondisoessisse?
513 1809 616 1864 bostem
630 1807 859 1881 iudieatbouaque

45 1885 249 1962 eiuspubiioet.
280 1883 558 1949 rtisramseoneetis,
580 1885 608 1938 iu
621 1882 732 1939 oonsilio
740 1899 859 1956 pronun-

50 1964 110 2029 ciet,
132 1959 293 2017 arcessitum
307 1971 339 2012 se
353 1973 368 2012 e
381 1957 530 2013 Senonibus
541 1966 566 2013 et
575 1957 736 2014 Carnutibus
746 1958 859 2031 aliisque

50 2035 239 2109 compluribus
249 2031 523 2098 Galliaeoivitatibue,
543 2033 597 2088 hue
609 2033 659 2090 iter
671 2031 801 2088 laetorum
812 2049 858 2106 per

51 2111 282 2173 finesilemorum,
292 2121 441 2178 eorumque
450 2123 526 2181 egros
535 2106 723 2179 populamuam
733 2125 764 2163 ao
771 2109 856 2180 prius,

52 2203 135 2258 quarn
150 2184 181 2239 id
198 2183 292 2246 faeiat,
316 2181 426 2236 Labieni
442 2189 526 2237 oestro
539 2189 769 2256 oppugnaturum:
790 2197 859 2254 quae

51 2261 108 2316 fieri
118 2259 194 2322 velit,
210 2256 352 2330 praecipit.

105 2335 188 2392 LVII.
210 2330 358 2396 Labienus,
378 2345 464 2402 quum
473 2338 498 2386 et
507 2331 556 2387 loei
567 2338 660 2386 astura
671 2338 788 2386 mmonu
798 2343 859 2382 mu-

50 2409 196 2466 nitissimis
206 2405 304 2462 eastris
314 2419 372 2459 sese
380 2413 486 2470 teneret
497 2405 530 2461 de
540 2411 589 2461 suo
598 2421 629 2460 ee
637 2403 747 2476 legionis
756 2401 860 2472 perieu-

52 2483 77 2539 lo
87 2484 157 2540 nihil
168 2481 297 2548 timebet3
312 2495 347 2534 ue
355 2495 436 2552 quam
446 2480 608 2536 ooeasionom
616 2478 654 2532 rei
659 2474 860 2547 beoagareudas

51 2559 206 2621 dimitteret,
224 2553 367 2627 eogitabat.
397 2554 488 2625 ltaque
503 2571 518 2608 a
531 2550 697 2624 Cingetorige
710 2555 789 2618 atque
802 2548 860 2602 eius

53 2632 214 2707 propinquis
222 2628 345 2686 oratioue
358 2627 530 2684 Indutiomari
541 2624 653 2698 eognilur
668 2637 750 2692 qum
760 2622 788 2675 5¹¹
798 2637 860 2676 ⁰0¹¹·
