2072 2998
178 149 225 200 130
375 149 426 196 DE
448 150 573 195 BELLO
597 147 765 196 nautico
1023 9 1031 190 1

176 252 222 308 ubi
232 256 427 324 prasterspem,
438 247 606 322 quesiugere
616 247 765 312 dedebant,
775 245 880 302 infestis
890 249 978 322 siguis

176 325 248 382 adse
257 325 296 379 ire
305 323 438 385 viderunt,
455 323 584 394 impetum
594 323 672 378 modo
685 320 752 376 ferre
765 337 819 376 neu
833 329 980 392 potueruut

98 399 105 404 ’
176 417 215 467 ae,
231 399 319 472 primo
330 397 497 454 eoueursuiu
507 396 599 471 fugam
606 396 724 459 eeuieeti,
744 396 882 467 preximae
895 395 979 452 silves

132 495 135 503 ’
175 474 338 548 petiverunt:
430 471 563 528 Labienus
572 472 690 543 equitatu
697 477 980 544 eenoeeaatus,magne

177 564 288 606 numero
297 546 351 602 inte
374 552 438 610 eote,
449 545 631 617 cumpluribus
642 545 736 616 captu,
750 544 842 616 paneis
851 545 980 616 pnstdie·

175 623 229 677 bus
238 621 369 676 civitatem
381 620 489 690 reeepit:
512 637 575 676 nam
587 619 722 682 Germani,
743 619 793 691 qui
811 619 913 676 auxilie
932 637 979 676 ve-

177 697 293 760 niebant,
314 702 434 765 pereepta
446 694 615 750 Trevirorum
627 692 699 766 iuga,
719 711 778 750 sese
789 693 902 750 domum
913 710 979 750 oen-

159 771 301 825 ·tulerunt.
322 767 390 832 Cum
400 768 433 822 iis
441 768 585 840 prepinqui
594 767 776 833 Indutiomari,
792 769 839 840 qui
854 767 979 824 deiectio-

178 845 221 899 nis
237 849 354 898 auctores
372 840 485 906 fuerant,
505 842 618 898 comitati
639 858 693 907 ees,
714 859 748 896 ex
765 841 869 897 civitate
887 860 979 898 exeas-

101 930 106 938 ·
176 935 241 972 sere.
261 915 431 1000 Cingetorigi,
449 933 532 988 quem
545 917 579 974 ab
591 915 666 972 initio
675 916 853 988 permansisse
872 917 902 972 in
918 917 979 972 eiii-

176 990 480 1122 qithidemoastravrmus,
501 990 665 1062 principatus
679 998 758 1062 atque
777 991 920 1063 imperium
939 1000 978 1048 est

231 1139 280 1196 IX.
301 1139 404 1205 Caesar,
420 1145 561 1210 postquam
574 1155 608 1194 ex
621 1139 750 1211 Menapiis
763 1138 791 1194 in
801 1139 923 1196 Treviros
933 1157 978 1196 re-
1023 1150 1026 1163 ¹

178 1213 339 1280 nit,duabus
348 1211 381 1268 de
389 1213 490 1268 caussis
496 1213 618 1270 Rhenum
627 1215 739 1270 uanum
748 1214 895 1270 eonstituit:
912 1231 978 1290 qua-

178 1306 240 1346 rum
252 1294 306 1344 erat
315 1287 403 1354 altera,
421 1287 495 1360 qued
508 1287 609 1344 auxilia
623 1296 713 1344 eontra
724 1306 754 1344 se
767 1289 883 1344 Treviris
899 1290 979 1344 mise-

178 1371 251 1432 raut;
272 1363 360 1428 altera,
372 1380 406 1418 ne
414 1363 553 1420 Ambiorix
561 1363 596 1418 ad
604 1380 648 1418 eos
659 1371 792 1434 receptum
801 1364 919 1420 habeta.
932 1365 978 1419 iiis

178 1437 327 1496 constitutis
337 1437 428 1504 rebus,
442 1437 564 1512 paullum
576 1454 657 1509 supra
666 1450 729 1493 eum
738 1438 835 1504 ieeum,
852 1455 909 1512 que
921 1447 978 1494 ante

178 1514 323 1570 exereitum
335 1513 528 1578 transduxerat,
548 1511 632 1570 faeere
643 1519 751 1585 pentem
769 1513 894 1568 instituit.
913 1514 978 1569 Nota
1020 1468 1025 1572 i

178 1596 258 1661 atque
267 1589 385 1646 instituta
397 1589 505 1654 ratione,
526 1604 624 1661 magno
638 1587 754 1642 miiitum
768 1588 866 1652 studio,
887 1589 978 1660 paucis
1022 1627 1023 1645 t

178 1663 274 1721 diebus
291 1681 359 1736 opus
372 1663 494 1720 eiiieitur.
514 1663 605 1718 Firmo
619 1662 648 1718 in
666 1662 781 1718 Treviris
797 1663 930 1735 praesidio
947 1662 979 1718 ad
1021 1647 1024 1748 i

178 1745 286 1810 pontem
295 1738 392 1802 reliete,
406 1738 509 1810 nequis
518 1738 553 1793 ab
564 1736 597 1792 iis
606 1736 696 1792 subito
705 1745 793 1793 meurs
801 1737 924 1800 oriretur,
941 1755 980 1792 re-

179 1811 267 1884 liquas
276 1813 365 1883 copias
376 1813 576 1885 equitatumque
590 1811 745 1868 transducit.
765 1811 836 1877 Ubii,
857 1813 979 1884 quiante
1022 1796 1023 1834 ¹

179 1886 285 1940 obsides
298 1886 425 1944 dederam
437 1895 515 1958 atque
532 1887 562 1940 in
581 1886 741 1942 deditionem
759 1895 895 1952 venerant,
917 1903 976 1960 parr-

179 1959 261 2031 gandi
269 1961 312 2014 sui
320 1977 415 2016 caussa
424 1960 528 2016 adeum
543 1957 642 2034 legates
658 1962 775 2026 mittunt,
795 1962 843 2034 qui
858 1961 975 2024 densant,

178 2050 260 2101 neque
269 2051 362 2089 amaru
371 2039 475 2090 deitate
488 2038 595 2092 auaritia
610 2041 639 2091 iu
655 2038 775 2092 Treviros
787 2041 876 2101 muru,
900 2055 979 2110 nque

179 2110 213 2160 ab
221 2123 249 2160 ae
257 2109 332 2176 fideti
342 2110 452 2165 meam:
471 2116 565 2180 petunt
576 2116 657 2183 atque
670 2119 754 2176 want,
770 2121 799 2166 ut
811 2099 863 2168 aiat
872 2119 977 2180 pereat,

179 2199 211 2235 ue
221 2186 349 2237 eemmuar'
357 2183 980 2255 outottarmenommtnnneeuupromamtuua

176 2273 274 2325 poenae
283 2260 412 2326 pendeat:
430 2256 581 2329 siampiius
592 2259 718 2316 obsidum
733 2260 805 2323 velit,
825 2260 889 2316 dare
902 2260 980 2333 poili-
1014 2272 1018 2327 t

180 2338 279 2386 eantur.
299 2329 408 2404 Cognita
419 2331 614 2388 Caesareaussa
624 2334 727 2405 reperit,
746 2334 780 2390 ab
793 2335 890 2390 Suevis
904 2336 980 2392 auxi-
1016 2330 1020 2397 i

180 2403 216 2460 lia
226 2405 308 2462 missa
317 2422 382 2471 esse,
403 2406 531 2462 Ubienrm
547 2406 749 2464 satisfactionem
764 2411 871 2481 aeoepst,
892 2401 986 2474 aditus

180 2479 291 2550 viasque
301 2479 328 2536 in
339 2479 438 2536 Suevos
448 2481 585 2552 perquirit
1016 2541 1021 2551 ,

235 2553 271 2609 X.
291 2554 399 2611 interim
408 2556 500 2630 paucis
512 2562 571 2627 pnst
584 2555 678 2610 diebus
691 2556 721 2611 iit
734 2557 768 2612 ab
785 2557 862 2613 Ubiis
875 2559 978 2622 oeuier,
1018 2566 1022 2580 ⁸

180 2624 281 2682 Suevos
293 2645 385 2686 omues
394 2647 480 2688 unum
490 2629 619 2690 inlocum
636 2631 725 2703 eopias
743 2641 928 2706 negarentque
948 2633 981 2686 iis
1024 2641 1025 2716 q
