2072 2998
316 159 388 212 m.
404 159 447 209 VI.
477 162 559 211 ΟΔΡ.
572 163 600 209 8.
806 161 858 217 l29¹

52 262 142 317 hostes
153 260 312 316 transituros
331 259 509 317 existimabat.
528 259 682 334 Augebatur
695 262 856 322 auxiliorum

56 334 172 408 quotidie
189 352 262 405 spes.
292 333 423 406 Loquitur
440 335 469 390 iu
487 334 598 390 oonsilio
616 334 713 407 palem,
735 345 856 406 quomam

57 411 179 466 Germani
189 411 405 477 adpropinquare
417 414 549 474 dicantur,
569 427 623 464 sese
636 427 699 465 suas
713 417 857 467 exereitus-

52 502 100 554 quc
112 490 237 554 fortunae
245 487 275 536 in
284 485 391 536 dabam
403 499 455 538 non
466 488 649 540 devocaturum
662 494 687 539 et
697 493 801 553 postero
815 489 857 541 die

47 561 208 630 primaiaee
216 566 308 612 caetra
316 565 453 612 maiomam.
473 557 595 613 Celeriter
602 557 667 614 baec
675 559 708 613 ad
716 559 804 612 hostes
811 559 856 614 de-

48 633 183 696 feruntur,
193 637 224 686 ut
232 647 268 686 ax
275 630 515 703 magnoGallorum
525 633 779 704 equitatus'nurnero
790 650 857 689 non·

50 705 141 762 nullos
151 702 265 761 Gallicis
277 705 359 761 rebus
371 703 458 760 favere
475 714 569 760 natura
578 703 701 780 cogebat.
721 707 854 763 Labienus

49 789 141 845 noctu,
163 780 281 835 tribunis
298 778 414 834 militum
427 779 575 851 primisque
592 781 730 836 ordinrbus
749 783 853 849 coactis,

48 854 118 925 quid
128 854 172 908 sui
182 854 219 908 sit
228 852 342 916 consilii,
362 852 485 925 proponit
497 861 530 919 et,
552 871 607 926 quo
619 854 720 910 facilius
733 855 861 912 hostibus

47 929 156 986 timoris
176 927 221 982 det
237 926 426 998 suspicionem,
450 929 548 982 maiore
566 929 674 1000 strepitu
688 937 714 984 et
727 930 853 998 tumultu,

47 1021 134 1077 quam
145 1001 239 1073 populi
248 1001 360 1056 Romani
370 999 419 1055 ieri
426 1002 596 1065 consuetude,
611 1011 693 1058 castra
703 1005 803 1059 moveri
813 1005 856 1060 iu-

45 1080 105 1135 bet.
126 1077 176 1131 llis
185 1075 265 1130 rebus
274 1075 354 1148 sugas
362 1075 478 1130 similem
487 1075 670 1148 prosectionem
679 1077 767 1133 efficit.
788 1080 856 1134 Haeo

45 1167 162 1226 quoque
171 1167 218 1222 per
226 1148 470 1221 exploratoresante
479 1148 608 1216 lucemin
618 1159 688 1208 tanta
697 1152 855 1225 propinqui-

46 1236 103 1283 tate
114 1233 271 1288 castrorum,
282 1223 316 1278 ad
325 1223 414 1278 boetes
423 1223 586 1280 deismrutur.

108 1300 180 1355 v111.
194 1299 247 1356 Vix
255 1315 352 1372 agmen
361 1297 538 1354 novissimum
547 1305 620 1355 extra
626 1301 856 1373 munitionespro·

46 1380 177 1438 cesserat,
196 1371 374 1446 quumfialli,
394 1370 519 1429 cohortati
534 1373 602 1428 inter
616 1391 653 1438 se,
674 1393 707 1429 ne
724 1385 856 1444 eperaocm

43 1452 182 1521 praedam
189 1465 224 1503 aar
232 1450 356 1504 mambae
362 1451 519 1502 dimitterent
523 1467 532 1515 ,·
546 1451 649 1517 tonpum
658 1465 719 1510 osee,
727 1455 856 1517 perterri-

46 1525 230 1586 tislienmois,
247 1522 579 1578 Germoomumaaoilium
592 1531 757 1590 asspectum
775 1539 857 1591 neque

44 1617 128 1658 enom
133 1602 196 1667 pati
206 1601 368 1665 dipsitatem,
384 1601 503 1651 uitantis
513 1599 658 1664 copiietcm
665 1599 788 1663 eeipaam
799 1611 858 1649 mo-

44 1693 122 1737 num,
130 1675 291 1740 praesertim
298 1674 437 1741 sapientem
446 1679 524 1739 atque
533 1672 800 1738 impeditam'adoriri
806 1685 858 1723 oon

44 1752 182 1814 audeam,-
200 1743 303 1800 flumen
316 1743 428 1810 transire
436 1751 462 1798 et
471 1743 564 1816 iniquo
574 1742 629 1798 loco
641 1742 772 1815 proelium
784 1758 858 1797 com-

45 1824 155 1879 mittere
164 1835 219 1875 non
232 1817 367 1876 dubitant.
386 1816 460 1884 Quae
474 1815 531 1873 iore
546 1818 697 1889 suspicatus
712 1817 855 1882 Labienus,

44 1905 78 1953 ut
87 1911 186 1952 omues
195 1893 262 1949 citra
271 1890 373 1951 tamen
380 1891 492 1958 eliceret,
508 1891 675 1948 eodemusus
687 1891 858 1948 simulatione

46 1969 165 2034 itineris,
172 1967 277 2040 placide
286 1963 510 2039 progredicbeffl.
531 1967 610 2031 uum,
618 1967 772 2040 praemissis
780 1967 858 2039 paul-
969 1995 971 2002 ι

46 2046 109 2102 lum
123 2041 326 2114 impedimentis
341 2048 421 2111 atque
436 2039 706 2114 intumuloquodem
717 2040 856 2108 collocatis,

45 2122 167 2181 Habetis,
179 2116 281 2188 inquit,
292 2117 399 2181 milites,
413 2127 492 2184 quom
502 2119 612 2184 patetis,
629 2121 792 2187 suauitatem:
812 2119 859 2171 lto-

45 2205 114 2251 etem
124 2195 250 2259 impedito
259 2193 440 2258 atqua-iniquo
453 2192 511 2244 loos
522 2194 625 2244 terretis:
640 2199 774 2260 manate
787 2207 859 2244 eom·

46 2274 107 2323 dem
117 2269 194 2320 nobie
203 2265 317 2319 ducibus
325 2265 454 2334 tioium,
464 2280 544 2332 quom
550 2279 733 2332 samonum
746 2268 860 2330 impera·

48 2346 104 2400 tori
111 2341 306 2409 praestitistis:
329 2339 417 2392 odem
439 2353 497 2391 eum
513 2345 540 2390 ct
559 2340 728 2400 consecrem
746 2351 858 2398 camere,

48 2418 214 2471 existimate.
235 2407 325 2466 Simul
338 2409 414 2482 sigua
427 2409 462 2466 ad
475 2410 578 2464 bostem
591 2409 706 2467 converti
724 2408 860 2478 aciemque

49 2488 132 2574 dirigi
143 2485 221 2542 iubet
229 2493 265 2548 et,
283 2482 375 2554 paucis
384 2483 479 2538 turmis
488 2483 619 2555 praesidio
630 2483 663 2538 ad
673 2479 860 2552 impedimenta

50 2561 186 2625 dimissis,
202 2558 325 2628 reliquos
339 2557 439 2627 equites
452 2557 484 2612 ad
498 2557 578 2612 latera
591 2555 716 2628 disponit.
740 2551 862 2607 Celeriter

51 2634 138 2692 nostri
157 2633 277 2688 damone
292 2628 396 2688 sublato
407 2631 463 2705 pila
479 2632 509 2688 in
525 2630 613 2686 hostes
631 2627 788 2683 immittunt.
808 2624 860 2690 illi,

91 2728 146 2782 lun.
161 2724 240 2780 Cres.
683 2717 696 2771 l
