2072 2998
260 152 332 200 LIB.
344 152 402 202 vn.
430 155 512 204 CAP.
526 155 649 204 tta—to.
800 152 849 204 l89

102 251 225 310 LXVIII.
244 251 349 326 Fugato
363 253 439 310 omni
451 253 579 328 equitatu.
599 253 795 327 Vercingetorix
807 272 851 312 oo-

45 330 105 401 pias
114 343 191 393 suas,
199 335 232 382 ut
240 343 289 399 pro
297 329 390 384 eastris
397 327 575 394 collocaverat,
584 329 703 397 reduxit,
717 329 851 400 potinus-

44 420 100 476 que
108 401 240 466 Alesiam,
257 401 331 472 quod
341 410 380 458 est
388 401 516 473 oppidum
527 402 742 468 Mandubiorum,
754 402 803 458 iter
811 401 851 458 ia-

44 494 104 534 eere
112 476 214 548 eoepit:
234 474 404 549 eeleriterque
416 476 603 548 impedimenta
616 494 652 532 ex
664 475 759 536 mauis
774 475 851 532 eduoi

44 559 109 608 etse
120 550 255 621 subsequi
268 549 352 604 iussit
376 549 480 616 Caesar,
500 550 695 622 impedimentis
713 550 741 604 in
759 551 851 621 proxi-

45 642 124 682 mum
134 623 232 680 oollam
244 623 372 689 deductis,
385 623 543 696 duabusque
556 623 706 697 legionibus
719 623 851 696 praesidio

45 699 156 763 relictis,
170 705 288 761 seoutus,
303 705 433 768 quantum
442 698 494 754 diei
503 705 783 770 tempusestpassum,
799 699 851 753 oio·

45 774 110 830 citer
122 772 212 828 tribus
224 770 347 826 millibus
358 771 475 827 hostium
486 789 521 828 ex
530 772 675 828 novissImo
688 772 794 844 angne
808 772 851 828 in·

46 847 172 912 terleetis,
179 845 261 900 altero
272 845 476 902 dieaddlesIam
485 853 569 902 eastra
577 845 646 902 lesit.
657 848 795 917 Perspecto
802 864 849 902 ur-

45 923 90 978 bis
107 922 176 986 situ,
194 918 391 991 perterritisque
409 919 540 986 hostibus,
560 920 634 992 quod
646 921 774 992 equitatu,
795 938 850 993 qua

46 996 168 1054 maxIme
276 994 407 1068 exaratus
420 994 595 1060 oonfidebant,
615 1002 689 1052 erant
699 994 781 1066 pulsl,
802 995 864 1060 ad-,

45 1071 170 1127 hortatus
243 1067 360 1124 laborem
381 1067 493 1135 milites,
515 1067 632 1125 Alesiam
651 1068 850 1126 circumvallare

45 1143 173 1202 Instituit.
485 1179 491 1191 .

102 1216 204 1274 LXIX.
224 1216 317 1288 Ipsum
325 1223 379 1272 erat
387 1214 553 1290 oppidanis
561 1214 627 1288 eolla
635 1217 850 1284 summeadmo-

45 1293 115 1348 dum
123 1291 195 1347 edito
204 1289 270 1354 looo,
282 1298 322 1355 ut,
335 1291 388 1346 nisi
397 1289 542 1355 obsidione,
553 1293 700 1364 expugnari
708 1308 787 1365 posse
795 1309 849 1348 non

45 1367 194 1424 videretur:
214 1365 299 1422 Cuius
308 1364 383 1422 oollis
392 1364 493 1422 rediees
502 1363 556 1420 duo
563 1365 668 1420 duabus
681 1383 717 1422 ex
729 1365 849 1438 partibus
924 1406 935 1416 ,

44 1441 162 1500 tlumina
169 1437 341 1496 subluebant.
359 1443 428 1496 Ante
439 1440 468 1496 id
477 1439 607 1511 oppidum
616 1437 738 1509 planities
749 1439 862 1496 circiter
917 1473 920 1479 ·

44 1514 134 1572 mirra
142 1530 274 1587 passuum
283 1513 356 1571 ruis
365 1512 558 1587 longitudinem
567 1512 683 1583 penae
697 1497 807 1584 ferrals
816 1530 852 1570 οι

45 1590 176 1646 omnibus
184 1588 306 1659 pertibus
313 1585 402 1653 eolles,
414 1587 540 1645 mediocri
549 1586 784 1660 interiaotospatio,
792 1588 851 1658 pari

44 1663 198 1720 altitudinis
207 1661 320 1736 fastigio,
326 1662 454 1733 oppidum
463 1661 613 1735 cingebant.
623 1659 680 1718 Sub
685 1676 776 1726 muro,
781 1676 850 1732 quae

127 1734 203 1794 oollis
215 1735 248 1792 ad
265 1737 392 1792 orientem
404 1735 488 1794 solem
500 1735 641 1807 spectabat,
658 1734 733 1790 huno
742 1751 850 1790 omnem

149 1809 237 1881 oopiaa
247 1809 384 1866 Gallorum
396 1809 590 1882 eompleverant
599 1807 750 1881 fossamque
758 1815 784 1865 et
792 1825 850 1864 ma·

44 1885 147 1944 eotium
159 1902 206 1940 sex
218 1885 248 1940 iu
261 1883 428 1941 altitudinem
444 1884 545 1956 pedum
562 1883 764 1954 praeduxerant.
782 1882 849 1938 Eius

45 1959 217 2025 munitionis,
237 1975 306 2030 quae
319 1958 353 2013 ab
365 1957 492 2014 Romanis
509 1958 705 2023 instituebatur,
723 1956 849 2014 dromas

45 2036 86 2091 Xl
95 2033 214 2119 millium
229 2049 360 2119 passrmm
374 2032 598 2125 tenebatssastra
611 2032 770 2120 opportunis·
784 2029 849 2090 loeta

45 2105 628 2252 mund.
647 2107 748 2254 aa
759 2123 849 2266 ar.

44 2257 150 2330 eruptio
159 2257 248 2312 fieret:
262 2255 426 2312 haeoeadem
434 2262 513 2312 noem
521 2255 718 2312 excubitoribus
727 2255 849 2312 aofirmrs

44 2332 187 2405 praesidiis
196 2329 362 2386 tenebantru.

98 2407 189 2462 LXX.
209 2402 296 2476 Opere
307 2403 436 2470 instituto,
456 2402 487 2458 tit
497 2409 618 2475 equestre
631 2399 761 2473 proelium
775 2399 803 2455 in
818 2415 850 2454 ea

43 2480 163 2553 planitie,
176 2495 261 2551 quam
271 2478 448 2534 Intermissam
457 2475 569 2534 mllibus
579 2477 615 2532 111
626 2470 712 2530 millia
719 2489 848 2544 manum

44 2554 72 2612 in
82 2553 281 2628 longitudinem
289 2559 473 2623 patere,snpra
481 2547 730 2610 demonstravimus.
739 2546 850 2604 Summa

45 2630 72 2684 vi
81 2629 116 2685 ab
128 2629 256 2700 utrisque
269 2625 445 2682 contenditur.
468 2622 661 2682 Laborantibus
673 2620 771 2676 nostris
785 2619 851 2678 Cae-
