2072 2998
304 140 378 188 LIB.
390 141 434 189 1v.
463 142 542 190 CAP.
557 142 600 189 dd.
615 143 667 192 Mu
846 144 879 196 89

72 259 160 318 quum
167 259 234 317 pars
242 239 390 298 hominum
402 239 432 296 in
441 241 512 316 agris
522 251 676 309 remaneret,
690 261 753 315 pars
761 246 840 302 etiam
850 247 879 302 in

75 317 319 382 'msuaventiteret
331 315 361 376 ii.
373 316 422 388 qui
430 333 479 388 pro
488 317 571 388 portis
581 324 727 374 castrorum
736 321 764 373 in
770 320 880 378 statione
943 341 948 348 ·

19 459 23 464 ,
76 401 161 460 emt,
194 390 306 450 Caesari
324 391 559 458 renunciaverunt,
581 391 720 464 pulverem
740 393 875 461 maiorem,

74 485 155 541 quem
167 463 339 522 eonsuetudo
352 462 438 531 ferret,
460 465 488 522 in
502 483 532 521 ea
551 473 626 538 perte
642 465 735 532 videri,
757 483 838 540 mam
849 469 878 524 in

70 549 176 616 partem
188 540 261 614 legio
270 540 321 594 iter
329 536 439 596 feoimet
460 539 556 598 Caesar
564 539 601 607 id,
623 541 768 613 quoderat,
789 543 879 614 suspi-

71 623 157 683 eatrs,
168 613 277 688 aliquid
286 612 508 670 noviaharbaris
517 615 614 672 initum
623 615 737 682 oonsilii,
748 615 876 683 cohortes,

73 709 140 765 qma
149 691 180 748 ln
190 687 356 746 stationibus
367 695 450 754 ermt,
470 706 561 745 seeum
574 689 603 746 in
615 706 674 746 eam
685 697 788 762 partem
797 691 878 763 proii-

72 767 144 833 eisei,
159 763 279 822 duasex
290 759 403 834 reliquie
412 763 441 818 in
450 764 589 820 stationem
598 765 745 832 eneeedere,
760 765 878 838 reliquas

72 839 173 898 umeri
182 846 209 896 et
220 835 363 894 confestim
373 851 431 893 sese
439 838 569 912 subsequi
578 839 666 896 iussit.
687 839 776 907 Quum
786 839 877 914 paullo

71 915 209 991 longiusa
221 911 319 970 eesuis
331 912 508 984 proeessisset,
528 930 592 970 suos
606 914 641 969 ab
654 913 776 972 hostibus
790 915 877 988 premi

70 997 153 1062 atque
164 1005 246 1064 aegre
263 987 396 1043 sustinere
412 993 438 1042 at
455 985 570 1044 eonferta
588 986 691 1062 legione
708 989 876 1046 exomnibus

70 1064 195 1139 partibus
212 1061 266 1118 tela
285 1060 394 1126 ooniioi,
415 1060 536 1118 animum
555 1062 675 1119 advertit.
704 1063 773 1120 Nam
792 1065 874 1138 quod,

71 1138 192 1194 omniex
203 1135 320 1208 reliquis
328 1134 450 1206 pertibus
459 1135 579 1194 demesso
587 1135 729 1205 frumento,
749 1155 812 1211 pars
821 1156 876 1196 una

73 1219 129 1268 eret
137 1209 389 1285 reliqua,suspieati
398 1209 496 1277 hostes,
503 1211 557 1268 huo
565 1219 669 1268 nostros
678 1219 873 1280 essevenurms,

74 1293 154 1342 neetu
171 1286 201 1342 in
220 1284 300 1346 silvis
319 1281 490 1342 delituerant:
510 1293 569 1342 tum
587 1286 730 1360 dispersos,
750 1287 876 1360 depositis

75 1360 166 1426 armis,
185 1357 352 1416 inmetando
360 1367 507 1433 oeeupatos,
522 1361 612 1418 subito
620 1361 714 1428 adorti,
733 1362 877 1434 paucisin-

75 1433 200 1503 terleotis,
221 1433 343 1507 reliquos
363 1433 467 1490 insertis
486 1435 625 1490 ordinibus
645 1435 873 1506 perturbaverant:

74 1509 156 1566 simul
165 1510 289 1582 equitatu
298 1514 379 1580 aque
390 1509 489 1565 essedis
498 1509 734 1565 circumdederant.

126 1584 258 1642 xxm
279 1582 433 1640 Genushoo
445 1591 527 1640 estex
537 1583 637 1640 essedis
649 1599 769 1655 pugnae:
790 1583 877 1655 primo

74 1675 120 1731 per
131 1675 227 1715 ornnes
242 1664 334 1731 partes
343 1657 510 1730 perequitant
523 1665 549 1714 et
561 1657 611 1713 tela
624 1655 777 1722 eoniieiunt,
797 1663 877 1729 atqua

73 1733 132 1805 ipso
140 1741 239 1791 terrore
248 1747 382 1806 equorum
399 1739 426 1788 et
438 1732 550 1805 strepitu
563 1738 685 1788 rotarum
700 1729 805 1786 ordines
819 1731 875 1803 ple-

73 1825 188 1881 rumque
195 1806 357 1882 perturbant
365 1813 403 1872 et,
426 1823 514 1878 quum
526 1823 556 1864 se
564 1806 632 1862 inter
643 1805 763 1878 equitum
773 1812 875 1864 turmas

73 1881 279 1949 insinuaverint,
297 1898 333 1936 ex
342 1880 441 1936 essedis
451 1881 579 1938 desiliunt
587 1889 612 1937 et
620 1879 735 1954 pedibus
742 1880 875 1953 proelian-

72 1964 125 2014 tur.
153 1957 274 2032 Aurigae
292 1954 401 2010 interim
418 1955 558 2026 paullatim
575 1973 610 2011 ex
628 1954 726 2028 proelio
745 1956 875 2013 exoedunt

73 2032 197 2104 atqueita
206 2027 454 2095 eurruseollocant,
474 2038 512 2097 ut,
535 2031 558 2085 si
572 2030 875 2087 illiamultitudineho-

72 2107 328 2180 stiumpremantur,
336 2103 489 2174 expeditum
498 2105 532 2162 ad
540 2122 604 2162 suos
612 2113 744 2178 reoeptum
752 2105 875 2161 habeant.

73 2182 110 2236 Ita
118 2181 298 2238 mobilitatem
308 2178 439 2250 equitum,
454 2179 623 2235 stabilitatem
632 2181 751 2252 peditum
762 2181 791 2236 in
800 2195 876 2250 proe-

73 2253 116 2310 liis
126 2262 263 2328 praestant
275 2269 309 2308 ae
317 2258 422 2308 tantum
434 2269 487 2308 usu
496 2253 649 2327 quotidiana
658 2261 683 2310 et
692 2253 876 2310 exercitatione

74 2328 197 2397 efficiunt,
211 2329 252 2386 uti
269 2328 300 2382 in
308 2325 404 2382 declivi
414 2343 444 2382 ae
453 2328 587 2400 praecipiti
597 2328 653 2398 loeo
662 2329 783 2384 incitatos
792 2340 875 2396 equos

74 2405 202 2460 sustinere
214 2409 241 2459 et
260 2400 339 2457 brevi
353 2400 483 2458 moderari
496 2419 528 2458 ao
539 2401 640 2458 flectere
652 2409 678 2458 et
689 2418 736 2472 per
744 2406 875 2480 temonem

73 2493 222 2550 percurrere
231 2483 260 2532 et
269 2475 299 2530 in
309 2474 375 2546 iugo
384 2473 504 2561 insistere
513 2483 539 2532 et
548 2477 610 2532 inde
621 2493 650 2532 se
662 2475 690 2530 in
700 2487 794 2528 oureus
804 2473 877 2528 ortis·

74 2566 266 2684 fflmffiplevr?
273 2556 480 2695 ffiqqrrrqqus'
490 2621 650 2697 perturbatis
659 2618 756 2676 nostris
765 2618 878 2674 novitate
