<?xml version="1.0" encoding="UTF-8"?>
<!DOCTYPE html PUBLIC "-//W3C//DTD XHTML 1.0 Transitional//EN"
    "http://www.w3.org/TR/xhtml1/DTD/xhtml1-transitional.dtd">
<html xmlns="http://www.w3.org/1999/xhtml" xml:lang="en" lang="en">
 <head>
  <title>
</title>
<meta http-equiv="Content-Type" content="text/html;charset=utf-8" />
  <meta name='ocr-system' content='tesseract 3.04.00' />
  <meta name='ocr-capabilities' content='ocr_page ocr_carea ocr_par ocr_line ocrx_word'/>
</head>
<body>
  <div class='ocr_page' id='page_1' title='image "./ciuliicaesarisc04caesgoog_0187.png"; bbox 0 0 2072 2998; ppageno 0'>
   <div class='ocr_carea' id='block_1_1' title="bbox 162 91 1002 176">
    <p class='ocr_par' dir='ltr' id='par_1_1' title="bbox 162 91 1002 176">
     <span class='ocr_line' id='line_1_1' title="bbox 162 91 1002 176; baseline -0.006 0"><span class='ocrx_word' id='word_1_1' title='bbox 162 121 210 176; x_wconf 80' lang='lat' dir='ltr'>tet</span> <span class='ocrx_word' id='word_1_2' title='bbox 364 125 749 174; x_wconf 76' lang='lat' dir='ltr'>unnnnnoosnnroo</span> <span class='ocrx_word' id='word_1_3' title='bbox 859 91 863 102; x_wconf 77' lang='grc'><strong>’</strong></span> <span class='ocrx_word' id='word_1_4' title='bbox 1001 110 1002 172; x_wconf 89' lang='lat' dir='ltr'>l</span> 
     </span>
    </p>
   </div>
   <div class='ocr_carea' id='block_1_2' title="bbox 112 223 1014 2666">
    <p class='ocr_par' dir='ltr' id='par_1_2' title="bbox 158 223 1008 597">
     <span class='ocr_line' id='line_1_2' title="bbox 159 223 957 297; baseline -0.001 -14"><span class='ocrx_word' id='word_1_5' title='bbox 159 229 382 291; x_wconf 78' lang='lat' dir='ltr'>administrarent,</span> <span class='ocrx_word' id='word_1_6' title='bbox 393 243 483 292; x_wconf 68' lang='lat' dir='ltr'>neem,</span> <span class='ocrx_word' id='word_1_7' title='bbox 494 223 957 297; x_wconf 68' lang='lat' dir='ltr'>quasellelodunodeduxeratsin-</span> 
     </span>
     <span class='ocr_line' id='line_1_3' title="bbox 159 297 1004 428; baseline 0.001 -72"><span class='ocrx_word' id='word_1_8' title='bbox 159 300 236 376; x_wconf 79' lang='lat' dir='ltr'>gulas</span> <span class='ocrx_word' id='word_1_9' title='bbox 245 299 510 374; x_wconf 76' lang='lat' dir='ltr'>equitibusltomnnis</span> <span class='ocrx_word' id='word_1_10' title='bbox 520 297 646 354; x_wconf 81' lang='lat' dir='ltr'>adtribuit</span> <span class='ocrx_word' id='word_1_11' title='bbox 655 305 689 364; x_wconf 68' lang='grc' dir='ltr'>οι,</span> <span class='ocrx_word' id='word_1_12' title='bbox 691 299 785 428; x_wconf 66' lang='lat' dir='ltr'>Xrims</span> <span class='ocrx_word' id='word_1_13' title='bbox 793 299 910 356; x_wconf 79' lang='lat' dir='ltr'>oonieote</span> <span class='ocrx_word' id='word_1_14' title='bbox 919 301 959 356; x_wconf 79' lang='lat' dir='ltr'>vi·</span> <span class='ocrx_word' id='word_1_15' title='bbox 1003 311 1004 316; x_wconf 76' lang='grc'>’</span> 
     </span>
     <span class='ocr_line' id='line_1_4' title="bbox 158 372 959 450; baseline 0 -20"><span class='ocrx_word' id='word_1_16' title='bbox 158 375 232 450; x_wconf 82' lang='lat' dir='ltr'>gilla,</span> <span class='ocrx_word' id='word_1_17' title='bbox 250 382 364 448; x_wconf 83' lang='lat' dir='ltr'>quatuor</span> <span class='ocrx_word' id='word_1_18' title='bbox 376 373 460 430; x_wconf 83' lang='lat' dir='ltr'>millis</span> <span class='ocrx_word' id='word_1_19' title='bbox 472 389 600 444; x_wconf 70' lang='lat' dir='ltr'>passuum</span> <span class='ocrx_word' id='word_1_20' title='bbox 610 390 690 428; x_wconf 89' lang='lat' dir='ltr'>seoun</span> <span class='ocrx_word' id='word_1_21' title='bbox 709 372 847 429; x_wconf 86' lang='lat' dir='ltr'>oflumine</span> <span class='ocrx_word' id='word_1_22' title='bbox 856 374 959 431; x_wconf 87' lang='lat' dir='ltr'>silentio</span> 
     </span>
     <span class='ocr_line' id='line_1_5' title="bbox 159 445 1007 538; baseline 0 -33"><span class='ocrx_word' id='word_1_23' title='bbox 159 449 281 524; x_wconf 79' lang='lat' dir='ltr'>progredi</span> <span class='ocrx_word' id='word_1_24' title='bbox 291 449 382 522; x_wconf 83' lang='lat' dir='ltr'>ibique</span> <span class='ocrx_word' id='word_1_25' title='bbox 390 465 419 504; x_wconf 88' lang='lat' dir='ltr'>se</span> <span class='ocrx_word' id='word_1_26' title='bbox 430 447 573 519; x_wconf 75' lang='lat' dir='ltr'>exspectari</span> <span class='ocrx_word' id='word_1_27' title='bbox 584 447 664 502; x_wconf 88' lang='lat' dir='ltr'>iubet.</span> <span class='ocrx_word' id='word_1_28' title='bbox 684 445 809 520; x_wconf 78' lang='lat' dir='ltr'>Quinque</span> <span class='ocrx_word' id='word_1_29' title='bbox 829 450 957 512; x_wconf 73' lang='lat' dir='ltr'>robertes.</span> <span class='ocrx_word' id='word_1_30' title='bbox 1004 466 1007 538; x_wconf 58' lang='lat' dir='ltr'>q</span> 
     </span>
     <span class='ocr_line' id='line_1_6' title="bbox 159 520 1008 597; baseline -0.001 -17"><span class='ocrx_word' id='word_1_31' title='bbox 159 541 227 597; x_wconf 87' lang='lat' dir='ltr'>ques</span> <span class='ocrx_word' id='word_1_32' title='bbox 241 523 352 580; x_wconf 90' lang='lat' dir='ltr'>minime</span> <span class='ocrx_word' id='word_1_33' title='bbox 366 523 456 579; x_wconf 84' lang='lat' dir='ltr'>firmes</span> <span class='ocrx_word' id='word_1_34' title='bbox 469 521 503 578; x_wconf 84' lang='lat' dir='ltr'>ed</span> <span class='ocrx_word' id='word_1_35' title='bbox 516 520 698 577; x_wconf 75' lang='lat' dir='ltr'>dimicandum</span> <span class='ocrx_word' id='word_1_36' title='bbox 710 538 768 576; x_wconf 87' lang='lat' dir='ltr'>esee</span> <span class='ocrx_word' id='word_1_37' title='bbox 780 522 956 588; x_wconf 72' lang='lat' dir='ltr'>existimabit</span> <span class='ocrx_word' id='word_1_38' title='bbox 1007 538 1008 592; x_wconf 69' lang='lat' dir='ltr'>l</span> 
     </span>
    </p>

    <p class='ocr_par' dir='ltr' id='par_1_3' title="bbox 112 591 1014 1112">
     <span class='ocr_line' id='line_1_7' title="bbox 112 591 1009 672; baseline -0.002 -18"><span class='ocrx_word' id='word_1_39' title='bbox 112 591 114 598; x_wconf 69' lang='grc'>’</span> <span class='ocrx_word' id='word_1_40' title='bbox 159 599 251 654; x_wconf 82' lang='lat' dir='ltr'>nestris</span> <span class='ocrx_word' id='word_1_41' title='bbox 266 597 397 668; x_wconf 79' lang='lat' dir='ltr'>praesidio</span> <span class='ocrx_word' id='word_1_42' title='bbox 409 595 549 666; x_wconf 81' lang='lat' dir='ltr'>relinquit:</span> <span class='ocrx_word' id='word_1_43' title='bbox 570 595 691 667; x_wconf 87' lang='lat' dir='ltr'>quinque</span> <span class='ocrx_word' id='word_1_44' title='bbox 708 595 828 650; x_wconf 85' lang='lat' dir='ltr'>eiusdem</span> <span class='ocrx_word' id='word_1_45' title='bbox 849 597 958 672; x_wconf 77' lang='lat' dir='ltr'>legionis</span> <span class='ocrx_word' id='word_1_46' title='bbox 1008 655 1009 658; x_wconf 60' lang='grc'>,</span> 
     </span>
     <span class='ocr_line' id='line_1_8' title="bbox 159 668 1010 744; baseline -0.002 -16"><span class='ocrx_word' id='word_1_47' title='bbox 159 668 959 744; x_wconf 82' lang='lat' dir='ltr'>reliquesdemedianocteeumomnibnsimpedimentised-</span> <span class='ocrx_word' id='word_1_48' title='bbox 1009 680 1010 706; x_wconf 63' lang='lat'>¹</span> 
     </span>
     <span class='ocr_line' id='line_1_9' title="bbox 158 742 1011 817; baseline 0.001 -17"><span class='ocrx_word' id='word_1_49' title='bbox 158 763 236 802; x_wconf 80' lang='lat' dir='ltr'>verso</span> <span class='ocrx_word' id='word_1_50' title='bbox 244 743 355 800; x_wconf 89' lang='lat' dir='ltr'>flumine</span> <span class='ocrx_word' id='word_1_51' title='bbox 364 759 460 817; x_wconf 80' lang='lat' dir='ltr'>megno</span> <span class='ocrx_word' id='word_1_52' title='bbox 474 743 591 800; x_wconf 85' lang='lat' dir='ltr'>tumultu</span> <span class='ocrx_word' id='word_1_53' title='bbox 604 742 734 814; x_wconf 83' lang='lat' dir='ltr'>proficisci</span> <span class='ocrx_word' id='word_1_54' title='bbox 747 743 870 815; x_wconf 83' lang='lat' dir='ltr'>imperat.</span> <span class='ocrx_word' id='word_1_55' title='bbox 891 747 960 803; x_wconf 83' lang='lat' dir='ltr'>Con-</span> <span class='ocrx_word' id='word_1_56' title='bbox 1010 752 1011 778; x_wconf 64' lang='lat' dir='ltr'>l</span> 
     </span>
     <span class='ocr_line' id='line_1_10' title="bbox 159 816 1012 892; baseline 0.001 -18"><span class='ocrx_word' id='word_1_57' title='bbox 159 820 241 892; x_wconf 89' lang='lat' dir='ltr'>quirit</span> <span class='ocrx_word' id='word_1_58' title='bbox 250 818 329 872; x_wconf 81' lang='lat' dir='ltr'>etiam</span> <span class='ocrx_word' id='word_1_59' title='bbox 339 818 443 874; x_wconf 83' lang='lat' dir='ltr'>lintres:</span> <span class='ocrx_word' id='word_1_60' title='bbox 465 817 523 883; x_wconf 83' lang='lat' dir='ltr'>bes,</span> <span class='ocrx_word' id='word_1_61' title='bbox 535 816 730 890; x_wconf 78' lang='lat' dir='ltr'>megnosonitu</span> <span class='ocrx_word' id='word_1_62' title='bbox 743 833 880 874; x_wconf 86' lang='lat' dir='ltr'>remorum</span> <span class='ocrx_word' id='word_1_63' title='bbox 895 821 960 876; x_wconf 86' lang='lat' dir='ltr'>inei-</span> <span class='ocrx_word' id='word_1_64' title='bbox 1011 822 1012 854; x_wconf 66' lang='lat' dir='ltr'>l</span> 
     </span>
     <span class='ocr_line' id='line_1_11' title="bbox 158 888 1013 963; baseline 0.004 -15"><span class='ocrx_word' id='word_1_65' title='bbox 158 900 234 958; x_wconf 84' lang='lat' dir='ltr'>tutes,</span> <span class='ocrx_word' id='word_1_66' title='bbox 245 892 273 946; x_wconf 92' lang='lat' dir='ltr'>in</span> <span class='ocrx_word' id='word_1_67' title='bbox 283 890 402 950; x_wconf 79' lang='lat' dir='ltr'>eamdem</span> <span class='ocrx_word' id='word_1_68' title='bbox 413 898 514 963; x_wconf 80' lang='lat' dir='ltr'>partem</span> <span class='ocrx_word' id='word_1_69' title='bbox 523 891 612 946; x_wconf 83' lang='lat' dir='ltr'>mittit.</span> <span class='ocrx_word' id='word_1_70' title='bbox 632 892 692 962; x_wconf 84' lang='lat' dir='ltr'>lpse</span> <span class='ocrx_word' id='word_1_71' title='bbox 699 898 759 963; x_wconf 89' lang='lat' dir='ltr'>post</span> <span class='ocrx_word' id='word_1_72' title='bbox 767 891 869 962; x_wconf 78' lang='lat' dir='ltr'>paullo,</span> <span class='ocrx_word' id='word_1_73' title='bbox 880 888 960 950; x_wconf 85' lang='lat' dir='ltr'>silen-</span> <span class='ocrx_word' id='word_1_74' title='bbox 1012 894 1013 916; x_wconf 65' lang='lat'>¹</span> 
     </span>
     <span class='ocr_line' id='line_1_12' title="bbox 158 964 1014 1040; baseline 0.001 -19"><span class='ocrx_word' id='word_1_75' title='bbox 158 967 195 1022; x_wconf 88' lang='lat' dir='ltr'>tio</span> <span class='ocrx_word' id='word_1_76' title='bbox 208 982 340 1040; x_wconf 81' lang='lat' dir='ltr'>egressus,</span> <span class='ocrx_word' id='word_1_77' title='bbox 361 982 423 1020; x_wconf 89' lang='lat' dir='ltr'>oum</span> <span class='ocrx_word' id='word_1_78' title='bbox 437 965 524 1021; x_wconf 83' lang='lat' dir='ltr'>tribus</span> <span class='ocrx_word' id='word_1_79' title='bbox 537 964 686 1040; x_wconf 79' lang='lat' dir='ltr'>legionibus</span> <span class='ocrx_word' id='word_1_80' title='bbox 699 982 763 1021; x_wconf 86' lang='lat' dir='ltr'>sum</span> <span class='ocrx_word' id='word_1_81' title='bbox 776 965 867 1022; x_wconf 89' lang='lat' dir='ltr'>looum</span> <span class='ocrx_word' id='word_1_82' title='bbox 885 968 957 1040; x_wconf 87' lang='lat' dir='ltr'>petit,</span> <span class='ocrx_word' id='word_1_83' title='bbox 1013 993 1014 1028; x_wconf 55' lang='lat' dir='ltr'>i</span> 
     </span>
     <span class='ocr_line' id='line_1_13' title="bbox 158 1037 539 1112; baseline 0 -18"><span class='ocrx_word' id='word_1_84' title='bbox 158 1056 213 1112; x_wconf 89' lang='lat' dir='ltr'>quo</span> <span class='ocrx_word' id='word_1_85' title='bbox 221 1056 302 1094; x_wconf 81' lang='lat' dir='ltr'>neves</span> <span class='ocrx_word' id='word_1_86' title='bbox 310 1037 407 1111; x_wconf 81' lang='lat' dir='ltr'>adpelli</span> <span class='ocrx_word' id='word_1_87' title='bbox 418 1039 539 1094; x_wconf 81' lang='lat' dir='ltr'>iusserat.</span> 
     </span>
    </p>

    <p class='ocr_par' dir='ltr' id='par_1_4' title="bbox 156 1113 961 2354">
     <span class='ocr_line' id='line_1_14' title="bbox 212 1113 957 1185; baseline 0.001 -17"><span class='ocrx_word' id='word_1_88' title='bbox 212 1113 283 1168; x_wconf 88' lang='lat' dir='ltr'><strong>LXI.</strong></span> <span class='ocrx_word' id='word_1_89' title='bbox 296 1113 337 1168; x_wconf 85' lang='lat' dir='ltr'>Eo</span> <span class='ocrx_word' id='word_1_90' title='bbox 346 1129 432 1185; x_wconf 89' lang='lat' dir='ltr'>quum</span> <span class='ocrx_word' id='word_1_91' title='bbox 440 1121 509 1170; x_wconf 84' lang='lat' dir='ltr'>esset</span> <span class='ocrx_word' id='word_1_92' title='bbox 519 1113 820 1185; x_wconf 83' lang='lat' dir='ltr'>ventum‚explorstores</span> <span class='ocrx_word' id='word_1_93' title='bbox 829 1113 957 1180; x_wconf 83' lang='lat' dir='ltr'>hostium,</span> 
     </span>
     <span class='ocr_line' id='line_1_15' title="bbox 158 1185 960 1261; baseline 0.001 -18"><span class='ocrx_word' id='word_1_94' title='bbox 158 1185 960 1261; x_wconf 66' lang='lat' dir='ltr'>utomnifluminisperteerantdisposittinopinantes,quod</span> 
     </span>
     <span class='ocr_line' id='line_1_16' title="bbox 157 1261 961 1335; baseline 0 -17"><span class='ocrx_word' id='word_1_95' title='bbox 157 1277 255 1335; x_wconf 78' lang='lat' dir='ltr'>magno</span> <span class='ocrx_word' id='word_1_96' title='bbox 264 1261 353 1318; x_wconf 89' lang='lat' dir='ltr'>subito</span> <span class='ocrx_word' id='word_1_97' title='bbox 364 1274 419 1316; x_wconf 82' lang='lat' dir='ltr'>erat</span> <span class='ocrx_word' id='word_1_98' title='bbox 432 1269 517 1318; x_wconf 79' lang='lat' dir='ltr'>eoorts</span> <span class='ocrx_word' id='word_1_99' title='bbox 530 1268 679 1334; x_wconf 83' lang='lat' dir='ltr'>tempestus,</span> <span class='ocrx_word' id='word_1_100' title='bbox 701 1262 735 1316; x_wconf 86' lang='lat' dir='ltr'>eb</span> <span class='ocrx_word' id='word_1_101' title='bbox 753 1263 851 1318; x_wconf 84' lang='lat' dir='ltr'>nostris</span> <span class='ocrx_word' id='word_1_102' title='bbox 870 1265 961 1335; x_wconf 84' lang='lat' dir='ltr'>oppri-</span> 
     </span>
     <span class='ocr_line' id='line_1_17' title="bbox 157 1335 960 1409; baseline 0.004 -20"><span class='ocrx_word' id='word_1_103' title='bbox 157 1343 282 1394; x_wconf 88' lang='lat' dir='ltr'>muntur:</span> <span class='ocrx_word' id='word_1_104' title='bbox 310 1336 440 1392; x_wconf 85' lang='lat' dir='ltr'>exereitus</span> <span class='ocrx_word' id='word_1_105' title='bbox 459 1336 658 1409; x_wconf 75' lang='lat' dir='ltr'>equitatusque.</span> <span class='ocrx_word' id='word_1_106' title='bbox 678 1335 813 1407; x_wconf 89' lang='lat' dir='ltr'>equitibus</span> <span class='ocrx_word' id='word_1_107' title='bbox 832 1337 960 1392; x_wconf 78' lang='lat' dir='ltr'>Romanis</span> 
     </span>
     <span class='ocr_line' id='line_1_18' title="bbox 157 1408 961 1486; baseline 0.001 -20"><span class='ocrx_word' id='word_1_108' title='bbox 157 1409 416 1476; x_wconf 79' lang='lat' dir='ltr'>administrantibus,</span> <span class='ocrx_word' id='word_1_109' title='bbox 432 1409 534 1484; x_wconf 84' lang='lat' dir='ltr'>quosei</span> <span class='ocrx_word' id='word_1_110' title='bbox 544 1408 822 1486; x_wconf 77' lang='lat' dir='ltr'>negotiopreeieoerot,</span> <span class='ocrx_word' id='word_1_111' title='bbox 842 1411 961 1467; x_wconf 82' lang='lat' dir='ltr'>eeleriter</span> 
     </span>
     <span class='ocr_line' id='line_1_19' title="bbox 157 1482 960 1556; baseline 0 -16"><span class='ocrx_word' id='word_1_112' title='bbox 157 1485 354 1542; x_wconf 81' lang='lat' dir='ltr'>transmittitur.</span> <span class='ocrx_word' id='word_1_113' title='bbox 378 1485 437 1542; x_wconf 89' lang='lat' dir='ltr'>Uno</span> <span class='ocrx_word' id='word_1_114' title='bbox 454 1483 509 1542; x_wconf 84' lang='lat' dir='ltr'>lere</span> <span class='ocrx_word' id='word_1_115' title='bbox 527 1491 644 1556; x_wconf 83' lang='lat' dir='ltr'>tempore</span> <span class='ocrx_word' id='word_1_116' title='bbox 660 1483 713 1540; x_wconf 89' lang='lat' dir='ltr'>sub</span> <span class='ocrx_word' id='word_1_117' title='bbox 730 1482 817 1540; x_wconf 84' lang='lat' dir='ltr'>lunem</span> <span class='ocrx_word' id='word_1_118' title='bbox 836 1484 960 1542; x_wconf 85' lang='lat' dir='ltr'>hostibus</span> 
     </span>
     <span class='ocr_line' id='line_1_20' title="bbox 157 1559 961 1629; baseline -0.002 -13"><span class='ocrx_word' id='word_1_119' title='bbox 157 1560 308 1626; x_wconf 87' lang='lat' dir='ltr'>nunoistur,</span> <span class='ocrx_word' id='word_1_120' title='bbox 329 1561 358 1616; x_wconf 90' lang='lat' dir='ltr'>in</span> <span class='ocrx_word' id='word_1_121' title='bbox 372 1559 464 1616; x_wconf 79' lang='lat' dir='ltr'>eastris</span> <span class='ocrx_word' id='word_1_122' title='bbox 478 1560 658 1615; x_wconf 80' lang='lat' dir='ltr'>Romanorum</span> <span class='ocrx_word' id='word_1_123' title='bbox 670 1565 771 1629; x_wconf 81' lang='lat' dir='ltr'>praeter</span> <span class='ocrx_word' id='word_1_124' title='bbox 788 1559 961 1615; x_wconf 87' lang='lat' dir='ltr'>eonsuetudi-</span> 
     </span>
     <span class='ocr_line' id='line_1_21' title="bbox 157 1631 957 1706; baseline 0.001 -18"><span class='ocrx_word' id='word_1_125' title='bbox 157 1651 219 1690; x_wconf 84' lang='lat' dir='ltr'>nem</span> <span class='ocrx_word' id='word_1_126' title='bbox 230 1634 386 1692; x_wconf 80' lang='lat' dir='ltr'>tumultuari</span> <span class='ocrx_word' id='word_1_127' title='bbox 394 1642 420 1689; x_wconf 89' lang='lat' dir='ltr'>et</span> <span class='ocrx_word' id='word_1_128' title='bbox 429 1651 558 1706; x_wconf 79' lang='lat' dir='ltr'>magnum</span> <span class='ocrx_word' id='word_1_129' title='bbox 569 1633 607 1688; x_wconf 88' lang='lat' dir='ltr'>ire</span> <span class='ocrx_word' id='word_1_130' title='bbox 615 1647 709 1705; x_wconf 84' lang='lat' dir='ltr'>agmen</span> <span class='ocrx_word' id='word_1_131' title='bbox 718 1631 828 1688; x_wconf 78' lang='lat' dir='ltr'>adverso</span> <span class='ocrx_word' id='word_1_132' title='bbox 837 1632 957 1699; x_wconf 82' lang='lat' dir='ltr'>flumine,</span> 
     </span>
     <span class='ocr_line' id='line_1_22' title="bbox 157 1705 960 1782; baseline -0.001 -18"><span class='ocrx_word' id='word_1_133' title='bbox 157 1708 329 1782; x_wconf 87' lang='lat' dir='ltr'>sonitumque</span> <span class='ocrx_word' id='word_1_134' title='bbox 340 1723 474 1774; x_wconf 84' lang='lat' dir='ltr'>remorum</span> <span class='ocrx_word' id='word_1_135' title='bbox 484 1707 513 1762; x_wconf 91' lang='lat' dir='ltr'>in</span> <span class='ocrx_word' id='word_1_136' title='bbox 523 1705 614 1762; x_wconf 85' lang='lat' dir='ltr'>endem</span> <span class='ocrx_word' id='word_1_137' title='bbox 623 1713 696 1777; x_wconf 67' lang='lat' dir='ltr'>pune</span> <span class='ocrx_word' id='word_1_138' title='bbox 705 1705 826 1762; x_wconf 79' lang='lat' dir='ltr'>exerrdiri</span> <span class='ocrx_word' id='word_1_139' title='bbox 836 1716 862 1762; x_wconf 87' lang='lat' dir='ltr'>et</span> <span class='ocrx_word' id='word_1_140' title='bbox 870 1707 960 1780; x_wconf 74' lang='lat' dir='ltr'>paullo</span> 
     </span>
     <span class='ocr_line' id='line_1_23' title="bbox 157 1777 960 1852; baseline 0 -14"><span class='ocrx_word' id='word_1_141' title='bbox 157 1780 224 1838; x_wconf 80' lang='lat' dir='ltr'>infre</span> <span class='ocrx_word' id='word_1_142' title='bbox 235 1783 332 1838; x_wconf 89' lang='lat' dir='ltr'>milites</span> <span class='ocrx_word' id='word_1_143' title='bbox 344 1781 458 1836; x_wconf 81' lang='lat' dir='ltr'>neribus</span> <span class='ocrx_word' id='word_1_144' title='bbox 471 1782 651 1852; x_wconf 74' lang='lat' dir='ltr'>transportari.</span> <span class='ocrx_word' id='word_1_145' title='bbox 671 1777 775 1848; x_wconf 88' lang='lat' dir='ltr'>Quibus</span> <span class='ocrx_word' id='word_1_146' title='bbox 788 1781 869 1836; x_wconf 82' lang='lat' dir='ltr'>rebus</span> <span class='ocrx_word' id='word_1_147' title='bbox 883 1782 960 1838; x_wconf 84' lang='lat' dir='ltr'>eudi-</span> 
     </span>
     <span class='ocr_line' id='line_1_24' title="bbox 157 1853 960 1926; baseline 0.001 -16"><span class='ocrx_word' id='word_1_148' title='bbox 157 1855 201 1920; x_wconf 82' lang='lat' dir='ltr'>tis‚</span> <span class='ocrx_word' id='word_1_149' title='bbox 218 1856 291 1926; x_wconf 93' lang='lat' dir='ltr'>quod</span> <span class='ocrx_word' id='word_1_150' title='bbox 300 1853 579 1910; x_wconf 77' lang='lat' dir='ltr'>existimabanttribus</span> <span class='ocrx_word' id='word_1_151' title='bbox 588 1855 653 1910; x_wconf 85' lang='lat' dir='ltr'>loeis</span> <span class='ocrx_word' id='word_1_152' title='bbox 662 1853 796 1910; x_wconf 86' lang='lat' dir='ltr'>treneirel</span> <span class='ocrx_word' id='word_1_153' title='bbox 833 1856 906 1912; x_wconf 85' lang='lat' dir='ltr'>&#39;ones</span> <span class='ocrx_word' id='word_1_154' title='bbox 920 1864 960 1913; x_wconf 86' lang='lat' dir='ltr'>ot-</span> 
     </span>
     <span class='ocr_line' id='line_1_25' title="bbox 156 1871 960 2004; baseline 0.002 -22"><span class='ocrx_word' id='word_1_155' title='bbox 156 1871 960 2004; x_wconf 44' lang='lat' dir='ltr'>queomnee‚perturbetosdefmtioneloduorumfffigompn·</span> 
     </span>
     <span class='ocr_line' id='line_1_26' title="bbox 156 2001 957 2074; baseline 0.005 -19"><span class='ocrx_word' id='word_1_156' title='bbox 156 2018 223 2064; x_wconf 84' lang='lat' dir='ltr'>rere,</span> <span class='ocrx_word' id='word_1_157' title='bbox 243 2019 306 2056; x_wconf 85' lang='lat' dir='ltr'>suns</span> <span class='ocrx_word' id='word_1_158' title='bbox 326 2017 434 2072; x_wconf 88' lang='lat' dir='ltr'>quoque</span> <span class='ocrx_word' id='word_1_159' title='bbox 452 2001 540 2073; x_wconf 87' lang='lat' dir='ltr'>copies</span> <span class='ocrx_word' id='word_1_160' title='bbox 556 2003 584 2058; x_wconf 93' lang='lat' dir='ltr'>in</span> <span class='ocrx_word' id='word_1_161' title='bbox 599 2003 646 2058; x_wconf 89' lang='lat' dir='ltr'>tris</span> <span class='ocrx_word' id='word_1_162' title='bbox 658 2010 744 2074; x_wconf 80' lang='lat' dir='ltr'>portes</span> <span class='ocrx_word' id='word_1_163' title='bbox 753 2002 957 2060; x_wconf 80' lang='lat' dir='ltr'>distribuerunt.</span> 
     </span>
     <span class='ocr_line' id='line_1_27' title="bbox 156 2073 960 2150; baseline 0.007 -20"><span class='ocrx_word' id='word_1_164' title='bbox 156 2075 234 2140; x_wconf 83' lang='lat' dir='ltr'>Nam,</span> <span class='ocrx_word' id='word_1_165' title='bbox 249 2081 275 2129; x_wconf 90' lang='lat' dir='ltr'>et</span> <span class='ocrx_word' id='word_1_166' title='bbox 284 2073 553 2149; x_wconf 77' lang='lat' dir='ltr'>praesidioeregione</span> <span class='ocrx_word' id='word_1_167' title='bbox 564 2085 710 2134; x_wconf 81' lang='lat' dir='ltr'>uestrorum</span> <span class='ocrx_word' id='word_1_168' title='bbox 724 2076 822 2143; x_wconf 82' lang='lat' dir='ltr'>relicto,</span> <span class='ocrx_word' id='word_1_169' title='bbox 838 2085 864 2133; x_wconf 88' lang='lat' dir='ltr'>et</span> <span class='ocrx_word' id='word_1_170' title='bbox 877 2095 960 2150; x_wconf 73' lang='lat' dir='ltr'>perra</span> 
     </span>
     <span class='ocr_line' id='line_1_28' title="bbox 157 2148 960 2227; baseline 0.002 -23"><span class='ocrx_word' id='word_1_171' title='bbox 157 2163 238 2204; x_wconf 81' lang='lat' dir='ltr'>manu</span> <span class='ocrx_word' id='word_1_172' title='bbox 247 2148 420 2204; x_wconf 86' lang='lat' dir='ltr'>Metiosedum</span> <span class='ocrx_word' id='word_1_173' title='bbox 433 2167 526 2206; x_wconf 86' lang='lat' dir='ltr'>versus</span> <span class='ocrx_word' id='word_1_174' title='bbox 541 2151 632 2216; x_wconf 78' lang='lat' dir='ltr'>misse,</span> <span class='ocrx_word' id='word_1_175' title='bbox 651 2168 720 2224; x_wconf 81' lang='lat' dir='ltr'>quse</span> <span class='ocrx_word' id='word_1_176' title='bbox 733 2158 836 2208; x_wconf 87' lang='lat' dir='ltr'>tentum</span> <span class='ocrx_word' id='word_1_177' title='bbox 850 2169 960 2227; x_wconf 61' lang='lat' dir='ltr'>pregre-</span> 
     </span>
     <span class='ocr_line' id='line_1_29' title="bbox 156 2221 961 2299; baseline 0.006 -21"><span class='ocrx_word' id='word_1_178' title='bbox 156 2221 270 2289; x_wconf 88' lang='lat' dir='ltr'>deretur,</span> <span class='ocrx_word' id='word_1_179' title='bbox 286 2229 506 2296; x_wconf 79' lang='lat' dir='ltr'>quantunrnaves</span> <span class='ocrx_word' id='word_1_180' title='bbox 521 2225 716 2296; x_wconf 77' lang='lat' dir='ltr'>proeessissent,</span> <span class='ocrx_word' id='word_1_181' title='bbox 738 2225 855 2299; x_wconf 86' lang='lat' dir='ltr'>reliques</span> <span class='ocrx_word' id='word_1_182' title='bbox 869 2228 961 2299; x_wconf 81' lang='lat' dir='ltr'>eopiss</span> 
     </span>
     <span class='ocr_line' id='line_1_30' title="bbox 157 2296 558 2354; baseline 0 0"><span class='ocrx_word' id='word_1_183' title='bbox 157 2304 247 2354; x_wconf 85' lang='lat' dir='ltr'>oontra</span> <span class='ocrx_word' id='word_1_184' title='bbox 255 2297 403 2354; x_wconf 76' lang='lat' dir='ltr'>labienum</span> <span class='ocrx_word' id='word_1_185' title='bbox 413 2296 558 2354; x_wconf 79' lang='lat' dir='ltr'>duxeruut.</span> 
     </span>
    </p>

    <p class='ocr_par' dir='ltr' id='par_1_5' title="bbox 154 2371 960 2666">
     <span class='ocr_line' id='line_1_31' title="bbox 211 2371 957 2447; baseline 0.004 -19"><span class='ocrx_word' id='word_1_186' title='bbox 211 2373 294 2430; x_wconf 85' lang='lat' dir='ltr'>LXli.</span> <span class='ocrx_word' id='word_1_187' title='bbox 310 2372 397 2428; x_wconf 82' lang='lat' dir='ltr'>Primo</span> <span class='ocrx_word' id='word_1_188' title='bbox 406 2371 464 2428; x_wconf 83' lang='lat' dir='ltr'>tuoe</span> <span class='ocrx_word' id='word_1_189' title='bbox 471 2379 498 2429; x_wconf 90' lang='lat' dir='ltr'>et</span> <span class='ocrx_word' id='word_1_190' title='bbox 507 2371 589 2430; x_wconf 87' lang='lat' dir='ltr'>nostri</span> <span class='ocrx_word' id='word_1_191' title='bbox 599 2375 957 2447; x_wconf 79' lang='lat' dir='ltr'>omneserenttrensporteti,</span> 
     </span>
     <span class='ocr_line' id='line_1_32' title="bbox 156 2445 960 2513; baseline 0.007 -14"><span class='ocrx_word' id='word_1_192' title='bbox 156 2452 182 2500; x_wconf 94' lang='lat' dir='ltr'>et</span> <span class='ocrx_word' id='word_1_193' title='bbox 191 2445 308 2503; x_wconf 85' lang='lat' dir='ltr'>hostium</span> <span class='ocrx_word' id='word_1_194' title='bbox 318 2446 386 2504; x_wconf 83' lang='lat' dir='ltr'>ecies</span> <span class='ocrx_word' id='word_1_195' title='bbox 396 2446 560 2502; x_wconf 83' lang='lat' dir='ltr'>cernebatur.</span> <span class='ocrx_word' id='word_1_196' title='bbox 581 2446 723 2513; x_wconf 77' lang='lat' dir='ltr'>Labienus,</span> <span class='ocrx_word' id='word_1_197' title='bbox 731 2448 829 2503; x_wconf 88' lang='lat' dir='ltr'>milites</span> <span class='ocrx_word' id='word_1_198' title='bbox 839 2449 960 2505; x_wconf 77' lang='lat' dir='ltr'>eohorte-</span> 
     </span>
     <span class='ocr_line' id='line_1_33' title="bbox 156 2525 960 2590; baseline 0.006 -16"><span class='ocrx_word' id='word_1_199' title='bbox 156 2526 209 2582; x_wconf 81' lang='lat' dir='ltr'>tus,</span> <span class='ocrx_word' id='word_1_200' title='bbox 231 2530 261 2576; x_wconf 86' lang='lat' dir='ltr'>ot</span> <span class='ocrx_word' id='word_1_201' title='bbox 273 2539 337 2578; x_wconf 78' lang='lat' dir='ltr'>suot</span> <span class='ocrx_word' id='word_1_202' title='bbox 347 2525 475 2590; x_wconf 79' lang='lat' dir='ltr'>pristinus</span> <span class='ocrx_word' id='word_1_203' title='bbox 492 2525 641 2576; x_wconf 69' lang='lat' dir='ltr'>virtutieet</span> <span class='ocrx_word' id='word_1_204' title='bbox 661 2529 697 2576; x_wconf 86' lang='lat' dir='ltr'>tot</span> <span class='ocrx_word' id='word_1_205' title='bbox 714 2527 960 2579; x_wconf 61' lang='lat' dir='ltr'>uwnmetmmem</span> 
     </span>
     <span class='ocr_line' id='line_1_34' title="bbox 154 2596 959 2666; baseline 0.006 -19"><span class='ocrx_word' id='word_1_206' title='bbox 154 2596 313 2661; x_wconf 77' lang='lat' dir='ltr'>proeliorum</span> <span class='ocrx_word' id='word_1_207' title='bbox 323 2599 713 2666; x_wconf 63' lang='lat' dir='ltr'>memoriammemioriamr</span> <span class='ocrx_word' id='word_1_208' title='bbox 722 2596 959 2666; x_wconf 62' lang='lat' dir='ltr'>ebsemssoeserees,</span> 
     </span>
    </p>
   </div>
   <div class='ocr_carea' id='block_1_3' title="bbox 0 0 1040 2998">
    <p class='ocr_par' dir='ltr' id='par_1_6' title="bbox 0 0 1040 2998">
     <span class='ocr_line' id='line_1_35' title="bbox 0 0 1040 2998; baseline 0 0"><span class='ocrx_word' id='word_1_209' title='bbox 0 0 1040 2998; x_wconf 95' lang='lat' dir='ltr'> </span> 
     </span>
    </p>
   </div>
  </div>
 </body>
</html>
