2078 2996
179 121 228 175 346
407 123 457 170 DE
479 122 604 168 BELLO
625 119 745 167 CIVILI

179 230 282 282 nostros
298 239 332 278 ex
345 222 479 294 superiore
492 222 660 292 insequentes
670 218 726 275 loon
734 219 917 279 vembanurr:
941 241 990 280 ne-

179 317 232 373 que
241 297 356 354 mutum
368 296 404 350 ad
417 295 481 351 solis
490 312 612 350 omasum
621 303 755 366 supererat
764 298 917 368 temporis:
941 316 988 370 spe

178 376 250 430 enim
259 371 412 429 confieiendi
423 369 519 444 negotii
528 369 646 441 propein
656 372 986 428 noctemremduxerant.

179 453 226 514 lta,
239 447 384 504 nmessasio
397 453 475 517 atque
489 462 522 499 ex
535 449 652 515 tempore
666 451 740 514 capto
754 444 886 510 consilio,
902 448 986 502 Pom-

179 525 255 597 peius
265 521 399 578 tumulum
408 518 550 592 quemdem
559 518 703 590 occupavit,
715 517 763 589 qui
773 525 883 576 tantum
893 521 986 578 aberat

180 617 195 653 a
208 603 296 654 nostro
304 594 418 660 castello,
435 601 465 649 ut
478 593 560 648 telum
573 592 897 650 tormentumvemissum
911 596 984 669 adigi

180 690 233 728 non
245 677 341 744 posset.
366 671 420 724 Hoc
436 668 553 724 consedit
570 667 626 722 loco
644 674 723 740 atque
736 684 798 722 eum
816 671 983 726 communiit

180 762 325 817 omnesque
334 743 371 798 ibi
381 743 468 815 copias
478 743 615 797 continuit.

234 821 289 876 Lll.
310 817 408 873 Eodem
431 824 546 888 tempore
563 816 669 872 duobus
690 822 822 887 praeterea
844 815 915 874 locis
932 836 982 890 pu·

180 901 291 968 gnatum
300 898 352 946 est:
363 889 435 946 'nam
443 889 521 962 plura
532 890 637 946 castella
646 890 787 962 Pompeius
795 891 908 962 pariter,
927 895 981 948 dis·
1014 907 1015 934 ³

180 966 302 1024 tinendee
319 981 415 1020 manus
433 981 539 1031 caussa,
561 973 716 1030 tentaverat,
738 982 772 1020 nc
791 981 827 1020 ax
840 968 980 1038 ,proximis

179 1039 317 1116 praesidiis
337 1039 455 1094 succurri
468 1047 565 1112 posset.
590 1040 648 1095 Uno
668 1039 723 1094 loco
732 1037 869 1096 Volcatius
883 1042 980 1098 Tullus

179 1119 308 1188 impetum
328 1113 439 1189 legionis
457 1115 584 1170 sustinuit
608 1113 759 1170 mbortibus
784 1114 874 1170 tribus
900 1126 981 1190 etque

180 1207 238 1246 eam
252 1189 308 1244 loco
320 1189 433 1260 depulit;
454 1189 534 1244 altero
541 1189 676 1254 Germani,
696 1188 859 1246 munitiones
874 1200 979 1246 nostres

180 1264 288 1339 egressi,
300 1263 481 1338 compluribus
491 1262 640 1330 interiectis,
647 1281 704 1319 sese
713 1263 747 1320 ed
755 1280 818 1319 suos
829 1264 979 1322 incolumes

180 1357 236 1396 racc
270 1347 341 1396 runt.

234 1356 302 1471 ffiss.
321 1416 359 1471 lta
372 1430 425 1470 une
436 1414 479 1470 die
492 1431 539 1469 sex
548 1411 654 1486 pmeliis
669 1411 752 1478 lactis,
764 1413 851 1470 tribus
865 1413 902 1470 ad
910 1416 979 1490 Dyr

180 1490 330 1557 rhacbium,
340 1489 425 1546 tribus
435 1489 737 1562 admonitiones,quum
747 1487 844 1544 homm
854 1492 977 1546 omnium

181 1566 247 1622 ratio
255 1565 404 1631 haberetur,
424 1564 458 1620 ad
470 1564 583 1619 duorum
598 1563 715 1618 millium
729 1579 840 1618 numero
851 1581 886 1620 ex
899 1566 978 1620 Pom-

179 1640 282 1714 peianis
291 1639 423 1696 cecidisse
439 1639 646 1710 reperiebamus,
661 1645 778 1696 evocatos
796 1640 977 1696 centuriones-

181 1733 234 1788 que
243 1715 401 1788 oomplures.
425 1715 456 1769 In
464 1731 495 1769 eo
503 1713 554 1768 luit
561 1729 672 1768 numero
679 1711 799 1769 Valerius
810 1712 933 1778 Flaccus,
945 1717 975 1770 L.

181 1790 268 1854 filius,
289 1791 360 1856 eius,
381 1788 429 1862 qni
442 1797 545 1861 praetor
557 1787 648 1843 Asiam
663 1787 823 1844 obtinuerat:
845 1788 976 1861 signaque

180 1873 245 1921 sunt
261 1879 310 1920 sex
323 1864 447 1920 militaria
460 1863 550 1919 relata.
579 1863 667 1918 Nostri
681 1879 734 1918 non
750 1860 866 1934 amplius
880 1863 976 1936 viginti

181 1939 307 1993 omnibus
321 1937 498 2009 suntproeliis
507 1936 727 1994 desiderati..Sed
741 1937 769 1992 in
782 1935 889 1992 castello
899 1955 976 1992 nemo
1013 1961 1014 1966 ¹

180 2012 231 2067 luit
242 2012 352 2068 omnino
363 2012 490 2078 militum,
508 2012 576 2085 quin
589 2011 783 2079 vulneraretur3
809 2018 975 2085 quatuorque

119 2091 123 2096 “
181 2101 276 2142 exuna
286 2085 390 2141 cohorte
398 2086 563 2142 centuriones
571 2085 661 2142 oculos
671 2085 825 2142 amisemnt.
839 2085 974 2158 Et,quum

181 2159 278 2216 laboris
295 2145 339 2214 sbi
354 2159 517 2232 periculique
539 2160 720 2218 testimonium
742 2159 843 2216 adferre
865 2159 971 2226 vellent,

181 2234 267 2292 millia
283 2233 438 2308 sagittarum
451 2235 552 2289 circiter
564 2235 681 2309 triginta,
701 2235 730 2292 in
744 2233 879 2290 castellum
888 2235 974 2290 conie-

182 2319 231 2377 cta,
246 2309 349 2368 Caesari
362 2317 609 2366 renumeraverunt:
630 2317 758 2384 scutoque
770 2308 803 2364 ad
819 2325 882 2364 eum
894 2308 973 2364 relato

182 2388 295 2443 Scaevae
303 2383 472 2450 centurionis,
484 2385 592 2440 inventa
600 2392 664 2440 sunt
676 2384 702 2440 in
711 2401 742 2440 eo
751 2382 969 2440 foraminaCXX.
1012 2393 1013 2464 l

181 2461 267 2527 Quem
281 2461 388 2525 Caesar,
408 2467 440 2514 ut
457 2466 511 2514 erat
529 2459 563 2515 de
573 2459 606 2514 'sc
620 2459 729 2514 meritus
743 2465 768 2512 et
785 2457 818 2512 de
828 2456 968 2527 republica,
1012 2465 1013 2472 ’

181 2535 310 2590 donatum
320 2533 440 2590 millibus
450 2534 569 2590 ducentis
578 2529 676 2607 [aeris],
686 2532 720 2591 ab
729 2531 826 2588 octavis
835 2529 969 2586 ordinibus

182 2607 217 2662 ad
229 2609 348 2681 primum
361 2609 448 2683 pilum
467 2627 497 2666 se
513 2606 680 2664 transducere
697 2602 893 2679 prommoiavit:
912 2605 968 2660 eius
