2044 2992
238 161 497 206 HlsPANIENsl.
528 162 607 208 CAP.
621 163 664 208 25.
798 158 847 210 507

48 266 90 314 est
100 257 134 312 ab
144 257 228 314 Ucubi
238 259 321 313 millia
334 276 463 330 passuum
472 260 505 324 V,
525 259 639 315 hreore's
649 263 793 316 neeessario
803 263 848 318 de·

51 331 169 396 vocabat,
183 340 213 385 ut
227 333 260 387 nd
269 333 451 388 dimicandum
461 333 640 389 descenderet:
662 352 748 406 neque
761 343 848 392 temen

49 423 136 478 aequo
146 405 202 460 loeo
212 408 254 460 sui
264 416 417 478 potestatem
427 407 544 472 faciebat,
556 408 604 462 sed
616 425 648 462 ex
658 426 753 482 grume
763 409 848 464 excel-

48 499 113 536 sum
124 479 259 535 tumulum
269 481 395 552 capiebat,
418 499 552 553 usqueeo,
577 489 606 541 ut
617 484 851 556 neeessarioooge

49 565 123 610 retur
142 555 266 624 iniquum
283 555 370 609 locum
388 556 488 610 subire.
515 555 574 622 Quo
593 554 645 630 [de]
666 557 741 621 laem,
762 575 847 628 quum

49 638 227 699 utrorumque
248 629 337 700 eopiae
360 629 497 685 tumulum
519 629 688 685 excellentem
711 631 845 702 petissent,

49 703 179 777 prohibiti
192 719 209 756 a
221 704 316 758 nostris
331 712 403 768 sunt,
419 704 565 776 deiectique
573 705 691 776 planitie.
720 705 848 771 Quaeres

49 776 200 834 secundum
213 779 309 831 nostris
321 777 449 834 efficiebat
464 779 602 852 proelium.
623 779 746 850 Undique
758 786 847 833 eutem

49 851 206 907 dedentibus
219 853 391 918 adversariis,
412 854 494 908 nostri
512 871 608 926 magne
623 853 651 907 in
668 853 746 907 caede
758 852 853 907 uersa-x

50 929 157 982 bantur.
186 924 291 992 Quibus
312 944 403 992 mons,
424 944 477 982 non
491 929 589 992 virtus,
611 927 690 982 saluti
709 926 772 982 luit:
794 943 848 998 quo

8 1061 9 1066 ἵ
49 999 172 1056 subsidio
182 1007 253 1065 tune,
265 1001 317 1056 nisi
326 1001 532 1071 advesperasset,
544 1019 561 1062 a,
572 1003 741 1072 paucioribus
751 1001 847 1056 nostris

8 1131 9 1138 ,
48 1074 181 1145 omnique
189 1075 288 1132 auxilio
297 1075 392 1146 privati
402 1081 502 1130 essent:
524 1093 585 1129 nam
595 1076 743 1130 ceciderunt
753 1093 786 1130 ex
796 1075 846 1128 levi

8 1147 9 1166 ³
49 1155 185 1206 arrnatura
200 1149 362 1212 CCCXXlV,
376 1165 411 1202 ex
424 1147 573 1220 legionariis
587 1149 756 1214 cxxxvlii,
772 1167 848 1220 prae-

8 1233 9 1236 ’
49 1232 174 1292 terquam
184 1239 379 1292 quorumarme
393 1228 418 1276 et
430 1220 513 1291 spolia
526 1230 590 1276 sunt
602 1222 697 1277 adleta.
717 1225 753 1276 lta
763 1223 849 1293 pridie

8 1357 9 1370 ,
50 1298 168 1353 duorum
177 1296 360 1350 centurionum
368 1295 481 1350 interitio
490 1295 538 1349 hee
547 1295 755 1350 adversariorum
765 1313 847 1366 poena

8 1379 9 1390 ¹
50 1369 184 1428 estliteta.

8 1453 9 1464 ¹
109 1445 194 1499 XXV.
214 1443 366 1515 Insequenti
375 1442 426 1507 die,
446 1459 503 1512 pari
515 1441 705 1496 consuetudine
716 1459 801 1513 quum
815 1442 847 1497 nd

51 1518 177 1576 eumdem
193 1517 279 1572 locum
293 1518 351 1571 eius
365 1517 526 1587 praesidium
542 1518 665 1577 venisset,
681 1516 792 1587 pristino
804 1515 848 1570 illo

51 1609 103 1649 suo
122 1593 264 1646 utebantur
282 1591 415 1646 instituto:
436 1607 508 1655 nem,
530 1598 630 1660 praeter
647 1591 758 1660 equites,
774 1589 849 1645 nullo

8 1655 9 1686 ³
52 1669 110 1723 loeo
124 1683 208 1736 aequo
226 1666 428 1720 soeommittere
446 1665 586 1719 audebant.
615 1663 705 1730 Quum
721 1664 802 1719 nostri
821 1664 847 1718 in

55 1757 131 1812 ¹apere
149 1747 244 1802 essent,
266 1741 386 1810 equitum
404 1739 493 1809 oopiee
506 1755 650 1794 oeneursus
662 1737 744 1793 lanere
759 1753 849 1808 eoepe-

51 1821 131 1871 runt:
142 1813 278 1884 simulque
287 1812 489 1870 vociferantibus
499 1812 657 1886 legionariis.
670 1829 755 1882 quum
761 1811 848 1866 locum
863 1807 865 1812 ’

51 1887 232 1962 efflagitarent,
246 1895 275 1942 ut
283 1887 400 1942 consueti
412 1887 516 1958 insequi
530 1887 680 1941 existimare
689 1893 805 1957 possent,
821 1902 850 1939 se

51 1963 234 2038 paratissimos
253 1977 312 2016 esse
329 1961 363 2016 ad
381 1961 576 2025 dimicandum,
598 1961 680 2014 nostri
697 1977 732 2015 ex
752 1959 848 2014 humili

51 2037 171 2094 convelle
190 2037 257 2091 bene
273 2035 351 2108 longe
364 2041 427 2088 sunt
439 2035 541 2108 egressi
555 2042 583 2089 et
598 2034 705 2105 planitie
719 2035 850 2106 iniquiore

52 2114 110 2168 loeo
123 2111 305 2166 eonstiterunt.
334 2108 376 2164 Illi
389 2116 477 2164 tamen
490 2109 581 2181 procul
595 2108 677 2164 dubio
693 2108 727 2164 ad
739 2125 850 2181 eongre-

52 2184 182 2241 diendum
195 2185 224 2240 in
235 2201 351 2256 aequum
363 2184 449 2240 looum
468 2201 522 2239 non
535 2191 598 2238 sunt
611 2184 668 2237 ausi
683 2183 848 2246 descendere,

53 2267 156 2332 praeter
169 2275 254 2312 unum
263 2259 407 2314 Antistium
420 2259 589 2330 Turpionem,
610 2258 667 2330 qui,
687 2257 770 2311 fidens
785 2256 851 2309 viri-

53 2335 116 2397 bus,
138 2347 172 2386 ex
186 2332 342 2388 adversariis
358 2333 409 2388 sihi
423 2351 510 2404 parem
529 2350 587 2386 esse
604 2331 737 2386 neminem
752 2331 850 2402 agitare

52 2405 149 2477 eoepit.
170 2405 848 2476 llic,utlerturthiliislllemnonisqueoongressus.

53 2483 85 2550 Q.
96 2479 237 2550 Pompeius
247 2481 335 2552 Niger,
347 2498 428 2552 eques
440 2482 577 2535 Romanus
585 2479 737 2541 italicensis,
754 2495 787 2531 ex
796 2479 850 2532 acie

53 2563 143 2614 nostra
154 2553 187 2609 ad
200 2555 422 2626 congrediendum
432 2570 586 2627 progressus
602 2560 651 2606 est.
672 2551 801 2618 Quoniam
813 2551 851 2604 le-

53 2630 148 2688 rooitas
157 2628 265 2684 Antistii
274 2628 398 2684 omnium
410 2638 510 2685 mentes
519 2634 681 2683 converterat
689 2627 723 2682 ab
732 2643 808 2698 opere
817 2625 850 2680 ad
