2078 2996
146 129 151 139 “
185 131 235 186 360
254 165 256 172 ·
410 134 460 181 DE
481 131 607 180 ebuso
631 127 751 180 cmm

184 237 265 303 ditru.
286 241 325 302 ut,
344 233 436 307 siqua
450 239 517 289 asset
535 231 657 304 imposita
670 229 815 286 dimicandi
829 235 988 298 necessitas,

184 311 305 368 subibam
323 326 414 366 casum
432 307 552 380 expedito
569 306 685 362 exercitu
702 305 815 362 subiret.
839 308 902 364 Hoc
920 309 985 366 idem

184 382 363 460 reliquisiccit
374 383 477 439 diebus.
501 381 605 448 Quibus
620 380 699 436 rebus
716 378 868 452 perfectum
889 391 942 451 est,
962 392 986 440 ut
1007 413 1008 422 κ

185 459 322 518 altissimis
339 455 494 514 fluminibus
512 462 591 528 alque
609 453 822 528 impeditissimis
843 456 985 515 itineribus

185 534 292 592 nullum
300 534 425 606 acciperet
433 530 636 588 incommodum
657 529 798 601 Pompeius
807 532 899 600 enim,
911 535 985 607 primi

185 609 239 666 diei
256 625 330 666 mora
347 606 418 663 illata
433 613 459 662 et
471 605 632 680 reliquorum
651 603 755 660 diorum
776 603 883 664 frustra
903 609 985 665 labore
1008 588 1009 678 l

186 681 556 757 susceptc,quumsemngnis
565 679 703 734 itineribus
712 677 909 740 extenderetet
916 701 985 756 prae
1008 679 1009 700 ³

185 776 290 834 grossos
300 757 425 831 consequi
436 762 549 828 cuperet,
559 761 653 826 quarto
662 753 704 809 dic
713 753 795 810 linem
803 759 945 828 cauendi
954 758 985 816 fc·

185 827 954 975 t‘ustuttttctuuttuctsu

508 945 516 970 s
862 947 871 973 s
889 925 906 962 Β

185 981 259 1037 dium
276 978 401 1035 exercitui
414 977 541 1044 dandum,
561 969 644 1034 socios
656 977 865 1046 confirmandos,
889 916 985 1056 ptdffi

185 1055 261 1112 dium
270 1053 384 1110 urbibus
400 1050 613 1125 relinquendum¹
633 1068 738 1108 necesse
750 1060 806 1109 arat
819 1054 900 1112 ndirs
909 1056 985 1131 Apol-

185 1128 294 1185 lonium.
314 1126 367 1188 Sed
378 1125 420 1184 bis
430 1127 509 1183 rebus
523 1133 626 1185 tautum
638 1126 763 1200 temporis
775 1127 887 1197 tribuit,
902 1147 986 1206 quan·

184 1208 311 1260 tumeret
325 1202 474 1276 properanti
492 1199 609 1258 nacc'sse:
638 1202 787 1274 timensque
804 1203 937 1274 Domitio,
958 1225 985 1264 nc

185 1278 300 1333 adventu
309 1277 426 1348 Pompeii
435 1283 674 1348 praeoccuparetur,
685 1275 719 1332 ad
732 1293 795 1333 eum
807 1280 889 1335 omni
898 1281 986 1338 celem

184 1350 366 1408 utectstudio
374 1350 496 1409 incitatus
504 1350 644 1408 terebatur.
663 1350 720 1406 'loti
762 1358 854 1408 autem
867 1355 911 1412 rei
928 1375 986 1414 oon·

59 1454 61 1466 ι
184 1425 277 1484 silium
286 1426 329 1483 his
338 1426 483 1483 rationibus
492 1425 647 1498 explicabat,
658 1431 698 1490 ut,
710 1367 884 1498 silomperus
894 1432 985 1488 eodem

185 1501 357 1569 contenderat,
372 1501 515 1578 abductum
524 1498 601 1558 illum
611 1499 703 1556 amari
712 1507 791 1574 atquc
799 1501 834 1556 ab
845 1503 882 1559 iis
891 1507 983 1580 copiis,

185 1595 253 1650 quas
264 1575 424 1664 Dyrrhachii·
429 1581 632 1663 computruerat,
646 1574 778 1662 frumento
790 1593 822 1631 ac
832 1591 985 1638 commeatu

185 1651 354 1718 abstractum,
403 1670 426 1708 rr
435 1651 582 1708 conditione
590 1648 654 1706 belli
663 1667 753 1706 secum
762 1650 985 1732 decertaremgs

94 1739 102 1748 ·
184 1733 236 1782 ret:
257 1726 340 1783 siinl
376 1726 428 1782 iam
438 1727 572 1796 transiret;
592 1725 731 1780 coniuncte
739 1725 856 1782 exercitu
865 1733 985 1788 eumilo·

147 1843 150 1848 .
184 1801 260 1857 mitio
268 1817 316 1874 per
323 1800 460 1878 illyricum
468 1800 556 1857 ltaliae
567 1799 687 1858 subsidio
697 1799 924 1874 proficisceretur:
945 1807 984 1862 sin

184 1873 351 1948 Apolloniam
360 1875 520 1949 Oricumque
530 1892 684 1949 oppugnare
692 1881 717 1930 et
725 1892 754 1932 sa
762 1874 836 1932 omni
848 1879 985 1938 maritima

184 1965 230 2004 ora
242 1948 381 2006 excludere
393 1959 543 2019 conaretur;
563 1951 669 2006 obsesso
682 1955 770 2006 umen
783 1950 926 2022 Scipione,-
940 1974 984 2014 ne·

184 2023 296 2078 masurio
305 2019 382 2078 illum
389 2025 447 2080 suis
456 2023 660 2082 auxiliumfcrrs
669 2031 777 2098 cogeret.
797 2026 984 2101 Itaqus,pras·

184 2095 275 2152 missis
292 2097 398 2151 nunciis
416 2098 451 2155 ad
468 2099 518 2156 Cn.
532 2099 687 2165 Domitium,
707 2098 802 2156 Caesar
820 2102 931 2174 scripsit
949 2114 982 2172 ct,

184 2167 251 2244 quid
260 2168 318 2225 lieri
326 2169 413 2237 vallet,
432 2173 558 2228 ostendit:
571 2205 574 2213 ι
578 2173 762 2248 praesidioque
776 2174 932 2247 Apolloniae
940 2198 984 2241 co-

184 2241 306 2304 hortibus
319 2253 441 2320 quatuor,
460 2247 531 2302 Lissi
544 2264 607 2313 una,
623 2248 709 2304 tribus
718 2248 788 2306 Orici
797 2249 904 2320 relictis,
921 2256 983 2327 qui-

185 2337 239 2396 que
248 2328 322 2377 crant
329 2338 362 2376 ex
371 2319 526 2377 vulneribus
538 2321 760 2397 aegri,dcpcsitis.
770 2325 933 2398 perEpirum
944 2337 983 2386 at-

224 2394 422 2454 edcurnauiam
438 2395 487 2452 iter
499 2395 582 2452 iacere
597 2398 690 2469 coepit.
709 2397 850 2472 Pompeius
862 2417 979 2476 quoquc.

185 2414 345 2526 dicamus
354 2469 463 2526 consilio
474 2471 620 2527 coniectura
634 2471 763 2537 iudicans,
784 2473 818 2528 ad
831 2472 981 2546 Scipionem

184 2543 380 2615 properandum
389 2544 442 2601 sibi
451 2540 626 2610 existimabit,
647 2546 672 2599 si
684 2545 778 2602 Caesar
787 2546 836 2600 iter
844 2546 890 2603 illc
899 2549 981 2608 babe-

187 2622 234 2682 rot.
255 2625 287 2674 ut
301 2619 453 2676 subsidium
466 2618 581 2694 Scipioni
599 2618 690 2690 lerret;
711 2619 734 2674 si
748 2619 782 2692 ab
794 2636 839 2676 ora
848 2623 978 2682 maritima
