2072 2998
197 178 245 231 lbi
391 182 441 228 DE
463 182 586 228 BELLO
612 181 778 229 GALLIco

249 283 347 339 XXIV.
366 283 447 337 listot
458 281 537 336 rebus
549 281 674 354 impedita
690 282 894 355 oppugnatione,
918 284 998 342 mili-

194 367 243 426 tes,
255 377 340 432 quum
351 364 526 428 tototempore
535 354 599 422 luto,
614 355 709 429 frigore
720 363 747 411 et
759 355 879 430 adsiduis
894 359 997 414 imbri-

195 435 247 489 bus
260 433 430 498 tardarentur,
450 439 538 486 tamen
551 431 693 486 continenti
708 431 795 486 labore
811 433 906 486 omnia
928 434 997 490 baec

196 515 385 582 superaverunt
401 513 427 561 et
443 505 538 561 diebus
555 505 633 560 XXV
651 521 782 580 aggerem,
804 504 887 561 letum
910 509 995 580 pedes

196 583 348 646 CCCXXX,
369 581 451 636 altum
462 579 661 652 pedesLXXX,
682 588 877 636 exstruxerunt.
898 583 993 652 Quum

196 659 219 712 is
230 674 336 712 murum
348 656 461 711 bostium
471 670 553 728 paene
561 655 728 728 contingeret,
740 662 765 709 et
773 655 914 711 Caesared
923 675 992 730 opus

195 730 382 787 cousuetudine
404 729 543 786 excubaret
564 728 714 800 militesque
736 729 932 798 cohortaretur,
959 751 993 788 ne

196 805 268 880 quod
279 805 387 859 omnino
401 813 504 875 tempus
516 803 550 858 eb
561 819 638 874 opere
652 803 879 861 intermitteretur:
899 807 992 878 paullo

196 888 256 936 ante
271 879 373 934 tertiam
391 877 509 952 vigiliam
526 885 566 932 est
583 877 804 942 animadversum,
825 877 932 936 minare
943 899 992 956 eg-

196 971 294 1028 gerem,
315 969 395 1026 quern
414 951 536 1007 cuniculo
553 953 640 1007 hostes
660 951 861 1009 sumenderent:
881 955 991 1011 eodem

196 1045 250 1101 que
258 1035 373 1100 ternpore
381 1033 433 1082 tuto
448 1043 524 1082 muro
537 1025 649 1082 clamore
662 1027 773 1093 sublato,
789 1025 896 1083 duabus
906 1033 990 1102 portis

196 1104 230 1159 ab
248 1110 359 1174 utroque
376 1101 453 1158 latere
470 1101 584 1157 turrium
601 1103 703 1174 eruptio
725 1101 813 1158 fiebat.
842 1102 898 1158 Alii
921 1104 988 1162 feces

197 1187 274 1250 atque
287 1176 386 1235 aridam
400 1176 534 1232 materiem
552 1175 585 1231 de
605 1193 682 1231 muro
699 1177 727 1231 in
736 1193 863 1252 aggerem
881 1183 988 1236 eminus

197 1251 332 1317 iaciebant,
347 1251 432 1324 picem
446 1250 613 1324 reliquasque
621 1268 672 1316 res,
688 1251 786 1323 quibus
796 1252 868 1326 ignis
879 1255 988 1312 excitari

196 1333 288 1400 potest,
305 1325 462 1394 fundebant,
481 1333 521 1390 ut,
535 1341 590 1398 quc
603 1326 720 1397 primum
734 1335 923 1397 occurreretur,
944 1337 989 1385 aut

196 1403 239 1458 oui
258 1403 295 1458 rei
313 1400 421 1458 terretur
440 1399 579 1465 auxilium,
598 1403 645 1456 vix
663 1401 727 1456 ratio
740 1401 802 1456 iniri
814 1411 914 1473 posset.
938 1406 988 1460 Te-

153 1517 156 1530 .
197 1496 268 1544 men,
280 1474 351 1550 quod
361 1475 478 1532 instituto
488 1475 604 1531 Caesaris
613 1475 681 1530 duae
693 1493 795 1546 semper
809 1474 928 1550 legiones
940 1496 988 1552 pm

173 1592 175 1602 ·
197 1553 288 1609 castris
298 1551 469 1615 excubabant,
481 1549 622 1622 pluresque
629 1550 731 1622 partitis
741 1552 905 1622 temporibus
915 1561 988 1610 erent

197 1630 320 1701 inopere,
333 1626 448 1682 celeriter
457 1625 553 1680 lactum
562 1632 609 1690 est,
625 1631 656 1679 ut
668 1623 712 1679 elii
725 1625 909 1697 eruptionibus
923 1630 988 1684 msi-

197 1711 301 1766 sterent,
316 1701 360 1756 elii
370 1708 453 1756 turres
465 1699 616 1755 reducerent
628 1711 803 1772 egentemque
816 1700 988 1758 interscinde-

197 1775 356 1841 rent,omnis
365 1792 427 1831 vero
435 1792 468 1830 ex
476 1774 568 1829 cestris
577 1773 717 1830 multitudo
725 1774 760 1829 ed
767 1775 988 1851 restinguendum

196 1858 368 1906 concurreret.

250 1924 337 1978 XXV.
356 1923 445 1990 Quum
457 1923 483 1976 in
494 1923 617 1978 omnihus
628 1921 698 1987 locis,
713 1930 850 1978 consumta
859 1924 915 1980 iam
927 1926 987 1981 reli·

197 2013 249 2067 qua
259 2005 331 2068 parte
340 1997 431 2060 noctis,
443 2005 611 2070 pugnaretur,
626 2013 781 2068 semperque
793 1997 916 2054 hostibus
928 2019 986 2073 spes

196 2069 319 2125 victoriae
327 2070 555 2144 redintegrantem
576 2089 607 2126 ec
617 2071 711 2144 magis,
727 2071 799 2143 quod
807 2072 914 2129 deustos
927 2075 987 2148 plu·

178 2141 183 2150 '
197 2145 373 2199 teosturrium
382 2145 514 2209 videbant,
526 2161 573 2200 neo
583 2144 656 2200 facile
667 2145 848 2216 adireepertcs
862 2148 897 2203 ed
911 2151 986 2206 auxi

197 2219 317 2274 liandum
329 2219 447 2274 animum
462 2219 640 2287 advertebant,
661 2237 750 2292 sempe
802 2238 817 2276 e
830 2221 881 2295 ipsi
898 2241 987 2279 recen-

196 2305 235 2351 tes
245 2287 352 2351 defessis
365 2293 538 2359 sueoedeoent,
551 2310 710 2368 omnemque
719 2293 768 2350 Gal
779 2295 819 2350 iae
831 2296 945 2354 salutem
959 2300 985 2354 in

197 2371 243 2426 illo
261 2369 373 2444 vestigio
391 2369 515 2441 temporis
533 2367 644 2441 pesitum
662 2368 861 2427 arbitrarentur:
882 2373 983 2432 accidit.

197 2445 402 2517 inspectantibus
411 2443 497 2508 nobis,
517 2441 597 2514 quod,
617 2441 729 2516 (lignum
742 2446 868 2500 memoria
886 2447 981 2508 visum

196 2518 452 2590 praetermittendum
475 2534 528 2573 neu
546 2514 766 2574 existimavimus.
795 2519 907 2586 Quidam
928 2529 984 2576 ante

197 2601 298 2663 portam
306 2593 395 2666 oppidi
401 2592 501 2658 Gallus,
508 2591 555 2664 qui
565 2607 612 2663 per
618 2607 715 2646 menne
724 2591 779 2650 sevi
789 2594 893 2666 acpiois
901 2603 983 2650 trans-

197 2667 264 2722 ditae
273 2667 364 2742 glebas
373 2667 400 2723 in
411 2666 499 2743 ignem
508 2684 523 2722 e
532 2665 636 2741 regione
648 2667 729 2721 turris
739 2668 899 2739 proiioiebet,
915 2687 979 2725 secr·
