2064 2996
177 147 208 199 l8
374 153 425 199 DE
446 155 572 201 BELLO
597 155 764 202 GALLICO

175 252 234 317 tari,
258 258 304 307 aut
320 254 429 309 omnino
445 253 560 327 ignorari
577 271 655 325 posse
672 254 860 320 existimarent,
883 271 975 326 prima

175 333 249 382 nocte
260 344 275 382 e
287 328 379 382 eastris
391 327 568 384 Helvetiorum
579 329 687 402 egressi,
704 327 738 384 ad
752 329 875 384 libanum
890 329 975 386 lines-

175 419 229 476 que
238 402 429 458 Germanorum
437 403 635 458 contenderunt.

227 511 353 570 XXVIII.
373 509 448 578 Quod
457 510 504 565 ubi
514 511 608 568 Caesar
617 511 712 572 resciit,
725 491 839 584 quorum
847 527 895 583 per
904 509 974 569 lines

175 591 268 652 ierant,
280 585 333 651 bis,
347 586 386 640 nti
396 586 579 657 conquirerent
588 593 613 640 et
622 585 781 648 reducerent,
802 585 826 640 si
841 585 892 656 sibi
905 602 974 658 pur-

176 662 230 737 gati
243 677 300 716 esse
312 658 418 724 vellent,
441 661 591 732 imperavit:
612 660 730 714 reductos
745 661 773 715 ln
787 659 903 714 bostium
920 678 975 716 nu-

176 753 249 791 mero
258 733 363 789 babuit:
384 734 498 806 reliques
508 751 609 798 ornnes,
621 734 768 798 obsidibus,
781 734 870 799 armis,
881 734 976 806 perlu-

176 812 218 884 gis
228 808 338 874 truditis,
350 807 379 863 in
388 808 546 864 deditionem
556 809 662 881 accepit.
677 809 817 874 Helvetios,
831 807 971 882 Tulingos,

177 884 331 958 Latobrigos
346 883 372 937 in
389 883 455 938 lines
467 901 538 950 suos,
560 884 631 939 unde
648 893 722 939 erant
739 883 855 955 proiecti,
876 887 974 940 reverti

176 959 267 1026 iussit;
290 966 316 1013 et
324 956 405 1030 quod,
417 958 542 1013 omnibns
551 957 680 1014 fructibus
689 959 803 1024 amissis,
820 958 893 1012 domi
903 959 974 1015 nilril
1005 1008 1008 1014 .

177 1040 240 1094 erat,
255 1049 309 1105 quo
318 1031 414 1087 famem
425 1032 569 1108 tolerarent,
585 1033 772 1106 Allobrogibus
782 1033 930 1104 imperavit,
943 1043 974 1089 ut
1002 1093 1004 1100 χ

177 1109 211 1164 iis
229 1106 353 1163 frumenti
366 1107 468 1180 copiam
487 1107 611 1163 lacerent:
632 1107 703 1180 ipsos
722 1107 818 1181 oppida
835 1102 970 1180 vicosque,

177 1199 244 1256 quos
258 1181 434 1248 incenderant,
455 1183 589 1238 restituere
603 1183 689 1238 iussit.
710 1183 783 1237 Idea
797 1181 915 1237 maxime
930 1201 974 1238 ra·

125 1303 128 1310 .
176 1255 324 1323 tionetecit,
335 1256 407 1329 quod
419 1256 511 1323 noluit,
529 1257 695 1322 eumlocum,
715 1255 787 1312 unde
796 1256 907 1311 Helvetii
917 1257 975 1312 dis-

177 1339 316 1397 cesserant,
334 1349 439 1400 vacare3
460 1349 493 1387 ne
507 1339 613 1405 propter
621 1333 764 1387 bonitatem
773 1348 897 1406 agrorum
908 1332 974 1387 Ger-

176 1407 259 1474 mani,
272 1407 320 1480 qui
330 1407 529 1463 transtenum
539 1407 665 1473 incolunt,
677 1407 757 1462 esuis
769 1405 867 1461 linibus
878 1407 974 1463 inHel-
1023 1403 1024 1486 l

176 1482 307 1538 vetiorum
318 1481 383 1537 fines
393 1483 540 1548 transirent,
555 1491 581 1538 et
595 1481 700 1538 finitimi
715 1480 814 1536 Galliae
823 1480 974 1552 provinciae

176 1557 417 1632 Allobrogibusque
425 1565 521 1613 essent.
531 1558 616 1622 Boios,
627 1555 888 1628 petentibnsbeduis,
901 1557 974 1629 quod
1022 1535 1023 1588 l

177 1633 282 1708 egregia
293 1633 391 1688 uirtute
407 1641 480 1689 erant
493 1632 600 1705 cogniti,
617 1632 689 1686 utin
704 1631 803 1684 linibus
819 1630 876 1685 suis
893 1631 975 1686 eollo-
1021 1649 1022 1689 t

177 1716 273 1773 carent,
289 1708 429 1763 concessit:
450 1706 549 1778 quibus
562 1705 601 1759 illi
612 1721 688 1777 agros
698 1704 834 1770 dederunt,
851 1721 975 1779 quosque

177 1790 265 1852 postea
274 1781 303 1838 in
313 1797 404 1855 parem
417 1781 483 1836 iuris
496 1779 674 1851 libertatisque
688 1779 872 1846 conditionem,
895 1791 976 1854 atque

178 1856 232 1936 ipsi·
239 1863 321 1923 erant,
333 1861 495 1928 receperunt.

232 1969 334 2025 XXIX.
349 1967 974 2040 Inoastrisllelvetionrmtabuleerepertaesunt,
1018 1963 1019 1994 ³

178 2043 270 2098 litteris
280 2043 385 2099 Graecis
394 2043 531 2109 conlectae,
540 2051 565 2099 et
574 2044 607 2099 ad
612 2043 748 2103 Caesarem
758 2042 861 2110 relatae,
873 2045 977 2116 quibus

177 2119 206 2174 in
214 2117 312 2174 tabulis
325 2119 482 2174 nominatim
495 2120 560 2174 ratio
572 2118 687 2174 conlecta
700 2126 768 2182 erat,
784 2118 832 2191 qui
845 2137 978 2176 numerus

177 2193 255 2250 domo
268 2195 366 2249 exisset
378 2211 478 2257 eorum,
499 2193 547 2267 qui
561 2211 634 2250 arma
647 2193 712 2251 lcrre
725 2200 845 2265 possent:
865 2203 892 2249 et
910 2195 978 2250 item

177 2270 317 2342 separatim
326 2268 409 2342 pueri,
422 2287 507 2335 senes,
518 2269 704 2340 mulieresque.
724 2267 843 2335 Quarum
852 2269 978 2326 omnium

177 2342 876 2416 rerumsummaemt‚capitumllelvetiorummillieCC
902 2344 926 2358 ”
941 2347 975 2412 ll,
1014 2353 1015 2401 l

178 2418 352 2494 Tulingorum
363 2418 447 2475 millia
457 2420 581 2484 XXXVI,
601 2418 802 2492 Latobrigorum
811 2417 882 2483 XIV,
927 2437 979 2474 au·
1013 2467 1014 2474 ,

178 2511 297 2550 ranorum
315 2495 413 2559 XXIII,
434 2495 555 2550 boiorum
570 2493 688 2548 XXXII:
708 2493 812 2552 erbis.
833 2493 882 2564 qui
901 2509 978 2548 arma
1012 2477 1014 2546 ,¹

177 2568 243 2624 ferre
252 2576 367 2640 possent,
379 2571 412 2625 ad
422 2569 506 2625 millia
515 2569 596 2625 XCII.
617 2566 978 2624 Summaomniumfuerunt
1012 2569 1013 2605 l

177 2643 493 2704 admilliaCCCLXVIll.
514 2645 621 2711 llorum,
643 2641 691 2718 qui
704 2641 814 2698 domum
829 2641 975 2708 redieruut,
1005 2663 1012 2705 ,t

1007 2829 1010 2957 l
