2042 3004
241 123 448 172 srnronuo.
478 125 558 172 ese.
572 111 595 172 o.
610 125 637 172 τ.
784 119 844 174 tet·

24 228 76 303 gia
87 225 207 302 munitio
215 222 365 280 otdiffioilis
376 223 408 280 ad
418 224 691 299 oppugnandumerat
700 241 833 297 aeeossus3

25 313 55 358 et
81 300 282 374 nunciabantur
304 299 403 355 auxilia
425 317 522 374 magna
545 301 678 374 equitatus
696 299 835 376 oppidanis

26 376 174 449 suppetias
184 375 287 443 venire3
308 381 414 429 nonest
428 375 485 430 visa
500 375 565 430 ratio
578 375 612 430 ad
625 377 835 449 oppugnandum

26 451 168 526 oppidum
183 448 372 513 eommorendi,
391 466 433 516 ne,
456 449 522 505 dum
536 448 565 504 in
579 467 609 505 ea
622 468 651 506 re
660 450 755 506 Caesar
768 453 836 506 esset

26 533 192 660 oqqqpatus,
212 525 406 582 eimumveutus
420 543 436 580 a
449 531 523 602 tergo
539 525 573 582 ab
586 525 704 598 equitatu
718 525 835 582 hostium

27 605 58 660 la
97 607 179 656 reret.
525 626 527 630 .
870 629 873 637 =

91 675 141 732 Vl.
161 676 261 746 ltaque,
280 681 363 730 eastra
380 691 466 747 quum
476 691 581 732 movere
597 672 684 741 vellet,
705 673 837 730 suhitoex

30 749 138 824 oppido
152 750 240 822 erupit
251 749 393 818 muls'tudo
408 757 487 822 atque
498 749 632 823 equitatus
649 749 769 805 subsidio
782 766 836 804 uno

32 837 158 898 tempore
166 825 205 881 eis
214 841 276 880 casu
285 825 423 890 succurrit,
445 826 492 898 qui
508 832 562 880 erat
571 825 671 880 missus
685 825 718 880 nb
727 825 792 880 lubu
803 823 837 880 ad

31 900 203 974 stipendium
213 899 402 973 aooipiendum,
414 899 636 972 castraque,unde
645 899 741 957 Caesar
749 917 837 974 egres-

33 996 85 1036 sus
95 977 146 1032 iter
155 975 238 1031 faeere
247 982 375 1048 oooperat,
394 981 521 1046 oocupant
536 982 561 1030 et
574 975 631 1031 eius
641 992 736 1050 agmen
751 984 837 1030 extro-

33 1070 116 1110 mum
130 1051 237 1122 insequi
251 1056 402 1122 eoeperunt.
422 1049 495 1116 Quae
507 1065 549 1104 res
559 1067 645 1123 quum
654 1050 837 1106 animadversa

33 1134 117 1193 esset,
138 1127 227 1183 subito
242 1123 379 1199 legionarii
392 1123 547 1190 consistunt,
568 1131 593 1179 et
606 1124 721 1196 equites,
741 1143 837 1200 quam-

35 1220 123 1277 quam
133 1208 208 1257 erant
219 1200 308 1274 pauci,
328 1206 416 1254 tamen
428 1206 517 1254 eontra
531 1205 630 1254 tantam
640 1199 838 1256 multitudinem

36 1276 217 1335 audacissime
234 1280 401 1331 eoncurrunt.
433 1273 534 1329 Aooidit
552 1291 594 1330 res
611 1273 840 1340 incredibilis,.ut

10 1361 11 1394 l
37 1352 149 1425 equites¹
161 1351 252 1406 minus
270 1349 377 1423 triginta
391 1347 461 1404 Galli
473 1348 627 1404 Maurorum
682 1347 768 1405 eitum
786 1349 839 1404 duo

10 1433 12 1496 i
40 1425 129 1485 millia
144 1424 199 1482 loeo
212 1425 350 1498 pellerent,
371 1429 548 1498 urgerentque
561 1423 661 1494 inoppi
680 1439 737 1478 um.
766 1424 840 1477 Post-

10 1525 12 1573 ς
39 1519 127 1577 quem
136 1499 387 1572 repulsietconieoti
396 1506 471 1554 erant
479 1499 547 1553 intre
556 1498 725 1563 munitiones,
747 1497 841 1554 Caesar

10 1581 12 1622 Ι
40 1583 92 1636 iter
101 1577 273 1631 eonstitutum
286 1575 325 1629 ire
337 1573 479 1629 sostendit.
499 1572 576 1640 Quod
588 1589 674 1644 quum
688 1573 793 1644 saepius
803 1571 815 1626 f
827 1602 842 1612 ·

10 1657 12 1714 l
41 1657 165 1710 ostentet
174 1645 841 1720 modoinsequerentur,modorursusabequitihus

10 1733 13 1772 t
43 1731 74 1784 in
89 1723 218 1796 oppidum
231 1723 431 1794 repellerentur:
451 1721 602 1778 eohortibus
617 1723 711 1796 paucis*
724 1740 758 1777 ex
772 1731 842 1776 vete-

10 1789 13 1844 t
43 1801 128 1866 rann,
141 1795 843 1872 quosseoumhahahat,inextromoagminecoltoca-

10 1883 13 1922 ¹
43 1880 90 1944 tis,
110 1881 136 1931 et
147 1882 222 1947 parte
234 1873 376 1946 equitatus,
396 1873 445 1928 iter
457 1871 550 1928 leniter
562 1887 624 1928 oum
639 1872 748 1944 reliquis
761 1871 843 1930 iacere

10 1957 13 1998 ¹
45 1951 137 2024 eoepit.
166 1950 218 2016 ita,
239 1954 339 2022 quanto
357 1947 463 2022 longius
483 1947 516 2002 rb
535 1948 631 2020 oppido
650 1947 840 2012 discedebatur,

10 2031 13 2072 ¹
45 2035 118 2085 tanto
131 2025 258 2081 tardiores
272 2024 305 2080 ad
314 2023 512 2096 insequendum
523 2029 596 2078 erant
607 2023 745 2079 Numidae.
774 2024 843 2078 lote-

10 2107 13 2146 Ι
48 2099 101 2158 rim
110 2101 138 2156 in
153 2100 246 2157 itinere
258 2117 292 2156 ex
305 2099 410 2172 oppidis
421 2105 447 2154 et
463 2097 576 2154 castellis
587 2095 727 2174 legationes
742 2099 841 2164 venire,

10 2181 12 2246 t
49 2175 164 2250 pollioeri
173 2174 336 2232 frumentum
345 2181 503 2248 paratosque
514 2189 581 2240 esse,
601 2191 670 2248 quae
678 2175 841 2247 imperasset,

51 2251 140 2308 faeere.
159 2249 250 2322 ltaque
265 2267 295 2306 eo
308 2250 350 2306 die
361 2259 445 2306 eastra
458 2250 548 2323 posuit
560 2249 595 2307 ad
609 2250 738 2325 oppidum
747 2247 845 2318 Ruspi-

10 2327 12 2366 Ι
52 2341 116 2384 narn
128 2321 251 2378 Kalendis
260 2325 399 2382 Ianuariis.
560 2343 562 2348 ’

10 2391 12 2440 l
108 2398 162 2455 Vll.
183 2397 247 2452 Inde
259 2399 342 2456 movit
359 2407 385 2456 et
401 2400 520 2473 pervenit
538 2398 573 2456 atl
588 2397 718 2472 oppidum
731 2397 843 2468 Leptim,

10 2465 11 2514 l
53 2476 162 2533 liberam
172 2472 304 2530 civitatem
317 2481 343 2529 et
356 2475 515 2532 immunem.
539 2473 631 2548 Legati
644 2489 677 2528 ex
691 2470 787 2544 oppido
801 2487 848 2525 ve·

10 2557 11 2562 ’
55 2546 260 2614 niunt‘obviam3
281 2547 392 2606 libenter
400 2568 429 2605 se
442 2549 532 2606 omnia
541 2545 665 2615 facturo,
681 2561 749 2622 quae
758 2541 845 2609 vellet,

57 2620 234 2700 pollicentur.'
251 2621 351 2698 Itaque,
372 2623 570 2684 centurionibus
579 2623 613 2681 ad
621 2631 709 2698 portes
723 2620 813 2696 oppidi
823 2628 849 2676 et
