2064 2996
313 179 387 225 nie.
400 179 422 223 1.
452 179 533 226 cnr.
548 179 591 225 ιτ.
660 144 671 168 ”
816 175 846 229 tt

50 297 99 338 non
107 289 226 355 possent,
238 279 314 336 nitori
325 295 364 346 se,
378 285 409 332 ut
419 285 565 350 coeperant,
581 279 610 333 in
621 285 736 335 montem
745 296 848 354 recepe-

49 365 120 426 runt3
139 355 215 412 elteri
228 353 263 410 nd
274 353 466 424 impedimenta
478 361 504 408 et
516 369 603 408 corros
616 371 679 409 suos
689 371 717 410 se
730 357 847 413 conule-

47 439 117 487 runt.
137 432 209 486 Nem
221 430 271 484 hoc
280 437 334 483 toto
342 426 449 499 proelio,
468 443 553 500 quum
567 428 601 484 ab
612 429 676 484 horn
689 431 800 501 septime
814 433 847 488 ad

46 523 186 578 vesperum
197 512 349 578 pugnatum
359 502 403 566 sit,
420 519 543 558 aversum
553 503 655 560 hostem
669 505 759 561 videre
771 523 847 563 nemo

45 581 140 652 potuit.
160 579 203 635 td
216 577 328 633 multam
344 585 448 632 noctem
461 581 540 632 etiam
554 578 588 634 nd
601 579 848 652 impedimentnpu-

48 663 157 728 gnatum
165 661 217 718 est,
232 662 369 724 propterea
378 651 451 724 quod
459 669 508 724 pro
516 651 585 707 vello
593 669 679 710 carros
688 655 845 722 obiecerunt,

50 737 76 782 et
84 745 99 783 c
108 728 160 784 loco
169 728 306 800 superiore
315 727 345 780 in
355 734 458 780 nostros
467 727 599 782 venientes
608 728 844 796 teleooniiciehnnt‚

49 811 74 857 et
85 803 204 858 nonnulii
219 804 288 856 inter
304 817 392 855 carros
411 810 534 873 rotasque
552 810 663 858 meteres
681 821 711 858 eo
729 803 846 878 tragulas

47 877 223 933 subiiciebant
236 885 393 948 nostrosque
405 874 587 932 vulnerabant.
608 878 658 934 Diu
674 895 760 950 quum
778 889 846 936 esset

48 962 204 1026 pugnatum,
220 949 420 1023 impedimentis
429 950 574 1023 castrisque
587 953 668 1007 nostri
681 954 755 1026 potiti
770 962 847 1010 eunte

48 1027 86 1082 Ibi
95 1025 259 1101 Orgetorigis
273 1023 337 1090 filia,
352 1036 432 1096 etque
445 1041 540 1080 unuse
552 1025 614 1080 tiliis
627 1035 719 1098 captus
733 1037 781 1084 est.
802 1029 846 1086 Ex

47 1119 77 1157 eo
84 1101 184 1174 proelio
193 1099 297 1156 circiter
305 1095 390 1154 millia
399 1099 844 1174 hominumCXXXsuperfuerunt,

47 1193 129 1249 eequc
141 1183 193 1232 tote
203 1183 278 1231 noete
286 1175 449 1233 continenter
458 1173 558 1230 ierunt:
577 1175 678 1232 nullam
686 1186 787 1248 partem
797 1194 846 1234 no-

48 1251 95 1304 ctis
113 1251 207 1306 itinere
225 1248 387 1313 intermisso,
412 1247 441 1304 in
454 1249 520 1303 fines
532 1249 682 1323 Lingonum
694 1252 736 1306 die
751 1261 845 1324 quarto

51 1331 235 1396 pervenerim,
262 1339 350 1396 quum
371 1331 398 1378 ct
413 1331 519 1396 propter
536 1323 644 1380 vulnere
664 1326 794 1392 militum,
819 1335 845 1382 et

51 1397 325 1472 proptersepulturem
335 1399 489 1461 occisorum,
506 1400 596 1465 nostri,
608 1399 726 1456 triduum
738 1401 842 1468 moreti,

50 1491 94 1530 eos
105 1475 179 1547 sequi
192 1491 246 1530 non
259 1472 416 1545 potuissent
436 1471 531 1529 Caesar
542 1473 574 1527 ed
593 1474 726 1546 Lingones
745 1475 843 1532 litteras

17 1595 20 1607 .
51 1549 211 1622 nunciusque
223 1548 308 1613 misit,
325 1564 360 1602 ne
372 1563 417 1602 eos
428 1545 568 1612 immerito,
586 1563 653 1604 neve
664 1546 714 1603 elia
728 1566 756 1604 re
768 1551 845 1604 inve·

50 1632 116 1681 rent:
137 1625 222 1698 quisi
240 1622 381 1687 iuvissent,
403 1639 431 1676 se
444 1619 536 1676 ecdem
550 1619 614 1688 loco,
635 1637 688 1693 quc
701 1621 841 1687 Helvetios,

49 1698 209 1754 habiturum.
230 1699 299 1770 Ipse,
314 1697 403 1752 triduo
416 1695 577 1759 intermisso.
595 1697 843 1754 cumomnibusoo-

49 1774 98 1846 piis
107 1791 152 1828 eos
163 1774 240 1846 sequi
250 1771 346 1844 coepit.

65 1870 68 1876 ·
100 1847 209 1904 XXVII.
229 1845 352 1912 Helvetii,
372 1847 493 1901 omnium
511 1861 600 1900 rerum
618 1843 705 1918 inopie
726 1846 840 1916 adducti,

50 1921 143 1997 legatos
155 1921 189 1978 de
196 1921 331 1978 deditione
340 1919 374 1976 ad
385 1937 448 1975 eum
460 1919 598 1974 miserunt.
619 1917 670 1986 Qui
683 1938 767 1994 quum
780 1941 841 1980 euni

49 1998 75 2052 in
84 1997 175 2054 itinere
188 1996 375 2052 convenissent
384 2009 466 2068 seque
474 1993 506 2049 ed
516 1993 595 2066 pedes
605 1996 843 2072 pmiecissentsup-

48 2071 197 2146 pliciterqne
209 2071 290 2127 locuti
305 2069 395 2124 flentcs
405 2085 496 2141 peccm
507 2070 644 2141 petissent,
664 2079 742 2144 etque
754 2091 798 2128 eos
813 2075 841 2128 in

26 2163 37 2188 ι
50 2146 153 2213 001000,
172 2155 303 2220 quotum
316 2152 413 2208 essent,
436 2159 518 2198 suum
534 2144 676 2201 adventum
693 2157 842 2220 exspectare

27 2879 29 2931 i

30 2824 41 2865 i

50 2220 173 2288 iussisset,
184 2226 343 2294 paruerunt.
356 2219 396 2274 Eo
404 2228 543 2291 postquem
553 2219 647 2275 Caesar
655 2223 782 2293 pervenit,
794 2223 841 2277 ob-

51 2294 125 2363 sides,
137 2311 220 2363 erma,
235 2311 338 2360 servos,
353 2294 400 2366 qui
412 2293 447 2350 ed
458 2309 502 2347 eos
514 2293 698 2369 perfugissent,
712 2297 840 2368 poposcit.

52 2369 151 2438 Dumna
159 2371 358 2444 conquiruntur
366 2376 391 2423 et
400 2367 576 2434 conferuntur,
595 2378 667 2424 nocte
680 2371 839 2436 intermisse,

23 2475 24 2478 =
52 2445 144 2501 circiter
156 2445 302 2502 hominnm
313 2441 396 2498 millio
407 2444 442 2499 v1
452 2442 510 2498 eius
523 2444 594 2516 pegi,
616 2444 664 2516 qui
678 2443 842 2516 Verbigenus

54 2518 198 2590 adpelletrm,
209 2518 373 2575 sivetimcre
381 2517 520 2590 perterriti,
533 2516 768 2572 nenrmistrnditis
778 2533 843 2586 sup-
909 2569 912 2582 ,
934 2534 941 2544 ’

54 2592 317 2662 ptieioaettoerentur,
339 2594 397 2647 sive
411 2609 459 2664 spe
475 2589 568 2646 salutis
581 2588 691 2653 inducti,
712 2589 793 2660 qnod,
814 2589 842 2641 in
952 2617 954 2624 ‹

24 2653 30 2704 i
55 2673 116 2724 tenta
125 2668 299 2742 multitudine
308 2664 501 2730 dediticiorum,
514 2679 590 2718 suem
600 2661 692 2802 fugepr
703 2669 748 2715 ent
756 2657 845 2714 occui-

25 2769 28 2810 ἰ
88 2761 135 2816 lm.
148 2761 225 2818 Cere.
