2042 3004
205 152 501 202 ALEXANDRINO.
527 155 607 202 CAP.
619 157 713 204 1213.
809 153 854 206 39l

57 258 177 306 mantum
188 260 323 324 acceptum
337 253 480 308 videretur.
501 255 538 308 lta
555 255 685 326 proelium
698 256 860 310 secundissi-

57 343 133 381 mum
143 325 302 382 estfactum.
322 327 403 400 Capta
413 335 452 382 est
467 345 521 382 una
537 329 656 384 hostiurn
670 329 856 400 quadriremis,

55 401 179 471 depressa
188 400 330 456 estaltera:
351 401 447 456 deinde
458 401 526 456 duae
541 403 667 458 omnibus
680 403 792 474 epibatis
809 421 860 458 nu-

56 477 146 530 datae:
167 491 264 548 magna
277 484 408 546 praeterea
427 475 570 530 multitudo
584 479 612 531 in
625 477 735 548 reliquis
745 477 860 532 navibus

53 557 281 636 propugnatorum
292 557 331 604 est
343 549 485 604 interiecta.
505 550 582 617 Quod
594 551 645 606 nisi
661 567 715 606 nox
729 551 861 622 proelium

54 624 214 689 diremisset,
226 631 278 678 tota
287 623 371 678 classe
380 624 496 678 hostium
502 625 596 680 Caesar
604 625 703 696 potitus
713 633 790 680 essct.
808 627 861 679 Hac

52 697 202 752 calamitate
219 697 361 768 perterritis
383 697 513 764 hostibus,
538 698 649 755 adverso
669 709 750 755 vento
768 699 860 754 leniter

54 771 146 835 flante,
167 788 248 826 naves
262 773 394 828 onerarias
404 773 499 828 Caesar
508 774 625 831 remulco
639 775 792 832 victricibus
802 777 860 829 suis

53 844 172 901 navibus
181 845 368 902 Alexandriam
378 847 490 902 deducit.

112 920 170 974 Xll.
191 921 229 974 Eo
242 920 398 988 detrimento
410 922 475 978 adeo
493 930 557 978 sunt
573 922 647 980 tracti
671 921 856 984 Alexandrini.

52 1011 143 1066 quum
152 994 366 1050 iamnonvirtute
376 1005 611 1070 propugnatorum,
619 997 666 1052 sed
675 997 783 1052 scientia
792 997 861 1052 olas-

52 1068 198 1124 siarierum
208 1071 330 1126 sanictos
339 1071 467 1134 viderent,
481 1069 524 1104 Η
533 1072 634 1144 quibus
643 1081 668 1126 et
677 1071 859 1144 superioribus

52 1143 122 1198 loeis
131 1142 349 1205 sublevabantur.
362 1153 392 1200 ut
403 1161 436 1199 ex
445 1145 572 1200 aedificiis
582 1145 687 1200 delendi
696 1153 820 1218 possent:
834 1153 860 1200 et

52 1217 193 1274 materiam
203 1226 324 1274 minatam
337 1219 488 1283 obiicerem,
504 1219 576 1290 quod
590 1227 693 1275 nostrae
707 1220 799 1274 classis
812 1237 861 1292 op-

53 1293 245 1365 pugnationem
257 1293 337 1347 etiam
349 1292 383 1347 ad
392 1303 488 1347 terram
501 1294 667 1348 verebantur.
686 1295 779 1358 Iidem,
787 1301 860 1366 post-

52 1383 169 1438 eaquam
188 1367 357 1440 Ganymedes
378 1367 407 1422 in
424 1366 535 1421 concilio
562 1367 737 1432 confirmavit,
759 1386 817 1422 sese
834 1375 860 1423 et

52 1453 110 1506 eas,
131 1457 201 1512 quae
219 1449 306 1496 essent
324 1441 445 1506 amissae,
471 1441 654 1496 restituturum
673 1449 699 1496 et
717 1457 860 1497 numerum

52 1515 242 1580 adaucturum,
264 1533 361 1590 magna
375 1532 423 1586 spe
436 1523 462 1570 et
475 1515 571 1570 fiducia
584 1523 684 1571 veteres
698 1515 804 1570 reficere
813 1533 861 1570 na-

53 1607 113 1652 ves,
134 1591 335 1660 accuratiusque
348 1589 413 1643 huic
424 1591 461 1643 rei
475 1589 581 1644 studere
594 1597 672 1660 atque
682 1587 810 1644 inservire
818 1589 861 1644 in-

52 1665 213 1718 stituerunt:
235 1680 273 1727 ac,
292 1665 393 1718 tametsi
404 1663 520 1734 amplius
535 1663 583 1719 CX
597 1664 713 1719 navibus
732 1661 819 1736 longis
831 1664 861 1718 in

52 1744 135 1810 portu
145 1735 339 1808 navalibusque
348 1737 498 1802 amiserant,
523 1745 681 1792 nontamen
700 1721 862 1808 rdparandae

52 1810 150 1866 classis
159 1810 341 1883 cogitationem
354 1811 545 1884 deposuerunt:
566 1811 691 1866 videbant
704 1813 785 1876 enim,
807 1829 861 1866 nou

52 1885 157 1942 auxilia
177 1883 291 1950 Caesari,
311 1901 364 1940 non
383 1894 545 1941 commeatus
565 1886 715 1958 supportari
728 1903 815 1958 posse,
836 1887 860 1940 si

52 1961 139 2016 classe
152 1958 203 2030 ipsi
218 1958 345 2015 valerent.
369 1961 501 2015 Praeterea
517 1961 614 2014 nautici
633 1961 764 2026 homines,
784 1959 860 2016 urbis

53 2043 80 2090 et
91 2033 206 2107 regionis
216 2035 373 2099 maritimae,
381 2035 588 2106 quotidianoque
598 2051 650 2090 uau
662 2035 775 2107 apueris
785 2053 861 2091 exer-

53 2109 136 2173 citati,
160 2108 194 2162 ad
203 2109 322 2166 naturale
335 2127 365 2164 ac
378 2110 550 2164 domesticum
570 2110 670 2166 bonum
684 2109 804 2184 refugere
812 2127 861 2165 cu-

53 2182 164 2256 piabant
172 2190 343 2254 st,quantum
354 2184 474 2255 parvulis
483 2185 598 2256 navigiis
607 2183 786 2256 proiecissent,
798 2201 861 2240 sen-

54 2255 166 2384 tiebant.
190 2258 281 2328 ltaque
298 2260 372 2314 omui
391 2257 481 2314 studio
490 2259 524 2314 ad
532 2258 678 2330 parandam
691 2258 803 2314 classem
817 2259 860 2313 in·

53 2347 90 2386 cu
110 2336 217 2384 uerunt.

112 2403 183 2458 Xlll.
203 2403 285 2459 Erant
294 2406 420 2462 omuibus
433 2405 509 2461 ostiis
521 2405 576 2460 Nili
585 2405 719 2460 custodiae
735 2403 861 2476 exigendi

53 2477 165 2555 portarii
174 2479 420 2550 causeadispositae.
431 2483 518 2536 Naves
525 2488 624 2534 veteres
632 2487 705 2534 erant
715 2479 742 2532 in
751 2477 860 2533 occultis

54 2554 143 2627 regiae
153 2551 303 2618 navalibus,
324 2555 424 2624 qiiibus
438 2555 531 2609 multis
544 2555 623 2608 annis
633 2553 667 2607 ad
678 2551 860 2626 navigandum

1 2643 2 2658 ³
55 2627 255 2686 uenerantusi.
275 2628 328 2684 llas
337 2626 500 2699 reficiebant3
522 2627 861 2684 illasAlaxandriamreve-
