2078 2996
326 173 399 222 litu.
411 173 454 220 111.
485 174 565 222 CAR.
579 175 604 222 8:
617 175 640 222 9.
828 172 878 232 'dib

0 317 10 344 „
89 274 214 332 risusest
223 273 325 338 Caesar,
336 291 417 346 quam
426 273 524 332 deeius
533 274 646 330 adventu
656 273 725 330 lama
733 275 840 330 omnino
850 276 878 330 in

0 391 13 416 ,
91 367 137 405 eas
146 349 263 422 regiones
276 347 439 420 perterretur.

1 444 4 451 ·
146 424 214 479 Vlll.
233 423 368 494 Expositis
376 422 515 487 militibus,
527 439 607 477 naves
616 421 704 476 eedem
716 423 880 480 nocteBruu·

90 497 192 554 disium
210 514 225 552 a
244 497 353 553 Caesare
374 497 554 562 remittuntur,
577 504 607 551 ut
627 495 743 568 reliquae
765 496 879 569 legiones
922 533 925 548 .

0 619 1 642 ,
90 572 276 643 equitatusque
285 571 453 642 transportari
463 578 578 643 possent.
597 571 665 625 Huic
676 569 762 626 allicio
771 588 880 642 praepo-

1 669 3 676 ·
90 647 160 700 situs
178 652 232 714 erat
243 645 335 700 Fufius
345 644 467 712 Calenus,
485 645 594 718 legatus,
615 646 662 716 qui
677 645 833 703 celeritatem
851 645 878 700 iu

91 719 298 790 transportandis
308 719 455 794 legionibus
465 719 606 776 adhiberet.
626 719 677 775 Sed
691 720 775 776 serius
789 727 879 778 aterna

0 853 1 864 χ
92 800 228 866 provectae
242 811 330 860 naves,
347 812 504 866 nequeusae
513 802 719 858 noctumaaura,
731 795 759 850 in
768 793 880 848 redeuu-

0 918 1 941 ,
91 868 127 923 do
136 866 306 924 offenderunt.
330 868 441 926 Bibulus
452 870 533 948 eniqr,
552 868 678 942 Corcyrae
691 869 784 924 certior
796 867 879 925 lactus

91 941 378 1008 deadrentuCacsaris,
388 961 504 1015 sperans,
521 942 712 1014 alicuiseparti
722 951 878 998 onustarum

1 1075 2 1078 ,
92 1016 203 1074 navium
214 1033 346 1072 occurrero
360 1033 445 1088 posse,
465 1017 589 1072 inanibus
603 1019 715 1072 occurrit
727 1025 765 1083 et,
787 1025 879 1075 nactus

90 1091 193 1146 circiter
205 1091 321 1164 triginta,
345 1092 372 1146 in
391 1108 435 1146 ees
454 1090 633 1164 indiligentiae
652 1109 715 1146 suae
732 1109 762 1148 ac
781 1091 879 1146 doloris

26 1217 38 1226 ,
91 1164 227 1220 iracundia
239 1165 333 1236 erupit,
352 1181 498 1235 omnesque
511 1164 637 1233 incendit;
658 1166 801 1238 eodemque
817 1166 879 1238 igne

90 1247 184 1295 nautm
205 1239 379 1309 dominosque
399 1239 508 1292 uarium
532 1237 670 1304 interiecit,
696 1240 878 1312 magnitudine

90 1330 188 1384 pesum
197 1313 442 1385 reliquosdcterrerc
451 1329 566 1383 sperans.
586 1313 639 1367 Hoc
646 1312 876 1386 conlectonegotm,

91 1387 223 1444 aSalonis
241 1387 275 1442 ad
294 1386 363 1443 Orici
381 1393 486 1456 portum
505 1386 626 1440 stationes
643 1385 770 1457 litoraque
789 1389 877 1442 omnia

92 1461 171 1535 longa
186 1460 289 1532 lataque
302 1458 431 1514 classibus
448 1459 596 1530 occuparit:
625 1459 802 1532 custodiisque
818 1460 879 1531 dili-

89 1536 196 1610 gentius
214 1533 357 1605 dispositis,
379 1534 435 1605 ipse
450 1533 706 1607 gravissimahieme
725 1534 879 1588 lunaribus

89 1608 245 1672 excubabat,
257 1606 432 1678 nequeullum
443 1607 556 1663 laborem
564 1616 608 1662 aut
617 1623 716 1662 munus
724 1607 876 1677 despiciens,

90 1699 179 1754 neque
186 1681 336 1738 subsidium
346 1689 507 1754 exspectaus,
518 1682 542 1736 si
551 1682 579 1738 iu
587 1681 704 1738 Caesaris
712 1681 879 1752 complexum

90 1756 182 1813 venire
190 1762 286 1826 posset.

144 1829 201 1886 IX..
212 1829 334 1886 Discessu
342 1829 520 1894 Liburnarum
528 1848 562 1888 ax
571 1830 687 1904 Illyrico,
707 1831 744 1885 Μ.
755 1829 878 1886 Octavius

89 1905 203 1968 cumiis,
227 1903 425 1976 quasbabebat,
447 1905 560 1964 nauibus
570 1906 677 1972 Salonas
690 1904 817 1976 pervenit.
837 1905 877 1962 lbi

88 1979 225 2038 ocncintis
233 1979 358 2036 Dalmatis
368 1979 530 2054 reliquisque
543 1980 671 2045 barbaris,
691 1981 776 2036 mem
788 1997 803 2034 a
814 1979 878 2036 Cae-

88 2056 156 2110 saris
168 2054 280 2110 amieitia
291 2055 397 2110 avertit:
417 2061 575 2112 murcatum
584 2055 686 2110 Salonis
696 2072 780 2126 quum
792 2073 878 2126 neque

89 2128 328 2200 pollicitationibus,
349 2147 435 2202 neque
444 2129 642 2187 denunciatione
650 2129 759 2202 periculi
773 2147 878 2202 permo-

89 2219 150 2256 vere
163 2211 256 2272 possct‚
270 2204 397 2276 oppidum
410 2221 479 2276 oppu
519 2223 562 2260 are
580 2205 702 2261 instituit
731 2204 779 2260 Est
790 2213 877 2260 autem

89 2276 219 2347 oppidum
226 2285 251 2332 et
262 2277 311 2332 loci
322 2287 414 2334 natura
423 2289 448 2334 et
457 2297 487 2336 co
498 2279 522 2335 le
535 2279 678 2336 munitum.
698 2278 749 2333 Sed
763 2277 878 2334 celeriter

89 2351 160 2406 cives
170 2351 286 2417 Romani,
307 2351 401 2426 ligneis
414 2354 509 2410 effectis
521 2353 645 2419 turribus,
667 2353 764 2410 iissese
774 2351 878 2409 munio-

88 2432 152 2480 rrmt
168 2431 201 2487 et,
223 2441 307 2496 quum
321 2435 407 2482 essent
421 2428 519 2485 infirmi
534 2429 567 2487 ad
585 2425 760 2483 resistendum
773 2432 878 2494 propter

87 2500 244 2573 paucitatem
259 2498 406 2566 hominum,
423 2504 525 2558 crebris
538 2500 646 2558 conlecti
659 2498 822 2564 vulneribus,
844 2497 878 2554 ad

88 2582 236 2632 extremum
254 2573 384 2630 auxilium
404 2574 605 2640 descenderunt,
626 2589 769 2643 servosque
786 2589 877 2628 omnes

88 2650 199 2722 puberes
213 2648 389 2712 liberaverunt
402 2659 435 2719 et,
454 2649 592 2726 praesectis
605 2647 726 2707 omnium
735 2645 876 2715 mulierum
