2072 2998
149 158 200 214 214
355 165 405 210 DE
428 162 551 209 BELLO
576 161 744 209 GALLICO

151 271 320 337 eoonspeotu
333 263 398 320 texit
410 263 601 318 Romanorum.
621 259 699 328 Quod
711 261 760 318 ubi
773 261 880 333 aooidit,
894 265 959 321 bar-

151 340 208 396 bari
218 339 451 396 vehementissimo
460 353 541 392 errrsu
550 335 711 410 refugerunt.

205 415 276 472 XVI.
296 415 400 479 Caesar,
415 412 463 468 etsi
476 410 623 466 discessum
636 411 755 466 bostium
770 411 896 468 animum
911 415 958 470 ad-

72 531 76 541 ,
150 496 253 546 vertere
266 505 319 546 non
329 492 437 562 poterat,
453 485 581 542 ineendiis
591 485 732 557 oppositis3
754 493 843 542 tamen
855 487 885 542 id
894 505 959 544 oon·

150 563 245 620 silium
254 581 338 636 quum
349 562 427 637 fugae
436 577 527 616 onussa
538 561 829 632 initumsuspioaretur‚
838 561 957 636 legiones
1023 542 1024 636 l

151 646 297 712 promovet,
310 645 411 693 turmas
422 636 501 690 mittit
511 635 544 691 ad
555 634 764 708 insequendum:
786 635 845 706 ipse
854 638 956 694 veritus

151 713 273 779 insidias,
292 729 326 767 ne
335 711 400 767 lorte
410 712 438 768 ln
447 711 539 767 eodem
549 709 605 766 looo
614 710 769 765 subsisteret
779 709 865 766 bostis
877 720 957 785 atque

152 788 244 843 elioere
263 793 366 842 nostros
385 787 413 840 in
432 785 521 840 locum
537 791 675 840 conaretur
694 784 830 855 iniquum,
851 787 955 843 tardius

151 861 278 935 procedit.
295 861 409 930 'Equites
427 877 514 931 quum
531 860 629 914 intrare
646 858 752 914 sumum
771 867 796 912 et
816 859 954 918 llammem
1024 871 1025 882 ¹

151 935 338 992 densissimam
349 934 481 1002 timerent,
503 950 542 1000 ao,
552 934 577 988 si
589 933 637 1006 qui
646 932 769 1006 cupidius
780 933 953 1003 intraverant,

152 1011 200 1065 vix
212 1025 323 1064 suorum
342 1009 392 1080 ipsi
410 1007 512 1078 priores
528 1015 615 1080 partes
628 1007 791 1064 aduerterent
804 1025 953 1082 equorum:

152 1083 358 1149 insidiasveriti,
372 1083 482 1138 liberam
492 1081 641 1138 lecultatem
657 1084 700 1138 sui
715 1084 859 1154 reeipiendi
868 1085 954 1142 Bello-

152 1159 224 1216 vocis
236 1157 372 1214 dederunt.
391 1156 515 1231 ltaluga,
537 1158 640 1214 timoris
654 1157 736 1213 simul
749 1157 954 1234 calliditatisque

150 1232 239 1306 plene,
252 1232 309 1288 sine
321 1231 376 1288 ullo
390 1231 546 1287 detrimento
555 1232 640 1288 millio
653 1249 707 1288 non
722 1232 838 1304 amplius
852 1235 880 1289 X
891 1253 954 1307 pro-

151 1324 236 1382 gressi
248 1307 346 1373 hostes,
358 1307 415 1363 loco
424 1306 604 1362 munitissimo
613 1314 697 1362 oastrn
706 1316 862 1380 posuerunt.
877 1311 950 1376 Inde,

151 1399 239 1454 pum
249 1399 327 1455 saepe
336 1381 364 1438 in
375 1381 480 1438 insidiis
489 1381 591 1454 equites
603 1381 758 1454 peditesque
770 1381 951 1454 disponerent,
978 1423 980 1428 -

152 1475 251 1532 magne
268 1457 423 1514 dorimente
437 1455 563 1512 llomanis
582 1456 612 1512 in
631 1455 848 1529 pabulationibus
857 1458 954 1516 Iniere-

208 1609 292 1665 XVII.
312 1607 389 1674 Quod
403 1623 488 1678 quum
506 1604 623 1660 erebrius
641 1604 776 1670 eooideret,
796 1623 830 1661 ex
849 1609 953 1680 captivo

152 1683 269 1755 quodem
281 1681 520 1755 oomperitCeesar,
543 1678 678 1746 Correum,
694 1680 954 1739 Bellovaoorumdu-

152 1773 220 1823 eem,
236 1755 440 1812 laetissimorum
450 1754 709 1827 millisleeditum
720 1754 762 1810 del
799 1756 859 1823 sse,
933 1759 954 1800 '-

152 1839 246 1904 tesqua
261 1849 295 1886 ex
314 1831 388 1887 omni
410 1847 521 1886 numero
539 1830 579 1895 ld,
600 1846 668 1902 quos
684 1829 711 1884 ln
727 1772 833 1885 insidiis
847 1847 879 1887 eo
908 1849 954 1888 ooo

152 1905 298 1967 oollooarat,
317 1923 398 1977 quem
408 1905 544 1971 inlocum,
559 1912 665 1977 propter
673 1903 776 1975 eopiam
784 1903 914 1962 frumenti
925 1925 954 1962 ac

150 1977 258 2050 pabuli,
284 1980 416 2034 llomenos
435 1978 591 2050 pabulatum
614 1979 743 2034 missuros
764 1980 953 2050 suspiceretur.

152 2051 211 2118 Quo
228 2051 333 2123 cognito
350 2052 474 2119 oonsilio,
498 2053 593 2109 Caesar
610 2053 725 2127 legiones
743 2051 848 2124 plures,
870 2073 954 2128 quam

152 2124 265 2189 solebat,
282 2124 382 2193 educit,
403 2128 613 2199 equitatumque,
633 2145 687 2200 qua
701 2128 895 2184 eonsuetudine
908 2147 956 2202 pe-

151 2198 318 2256 bulatoribus
329 2199 430 2254 mittere
438 2199 717 2271 praesidieoonsuerat,
725 2202 876 2273 praemittit.
889 2206 957 2261 llnio

152 2273 296 2346 interponit
305 2273 406 2329 auxilia
416 2273 648 2332 levisarmaturee:
662 2277 784 2348 ipseoum
790 2275 955 2352 legionibus,

153 2367 235 2423 quarn
244 2356 328 2422 potest
340 2348 466 2415 maxime,
481 2349 686 2421 adpropinquat.

208 2425 303 2482 XVIII.
323 2426 415 2480 Hostes
425 2423 453 2480 in
462 2423 568 2479 insidiis
578 2422 709 2496 dispositi,
720 2439 806 2498 quum
819 2424 874 2481 sibi
884 2427 959 2485 dele-

152 2499 255 2572 gissent
265 2516 391 2573 osmpum
401 2499 498 2556 adrem
508 2497 660 2572 gerendam,
673 2517 726 2554 non
736 2498 853 2570 ampliiss
862 2509 960 2574 paten-

152 2581 206 2627 tem
216 2573 244 2629 in
253 2591 346 2630 omnes
358 2582 444 2647 partes
454 2572 579 2648 passibus
589 2573 625 2635 Μ.
648 2573 724 2630 silvis
736 2573 857 2645 undique
871 2577 960 2651 impe-

152 2645 294 2705 ditissimis
304 2657 350 2706 aut
363 2649 493 2707 eltissImo
506 2647 616 2704 flumine
625 2650 771 2715 munitum,
791 2649 865 2706 velut
879 2651 961 2710 iuda-
