2078 2996
284 152 416 198 mmm.
446 153 638 200 ceretae.
812 151 862 204 329
933 116 947 140 s
1028 157 1029 168 ¹

64 252 215 326 mumque,
229 266 299 326 quae
308 259 397 308 contre
404 251 595 308 bmndisinum
603 259 709 324 portum
718 261 766 319 em,
786 271 863 310 occu-

63 329 153 403 pavie
173 327 385 400 quodpraestare
394 327 579 392 arbitrabatur,
595 327 788 392 unumlocom,
809 347 863 401 que
925 337 934 346 “

64 403 228 462 nodomarius
238 401 335 460 omitia
343 409 398 460 erat
410 416 541 476 egressus,
557 417 640 474 quam
652 403 774 458 omnium
788 402 864 458 litore

64 495 97 536 uc
104 477 325 552 metumedia
333 475 436 534 clausos
445 477 524 532 oreti.
544 477 738 550 Hiorepentino
749 477 864 534 adventu

63 571 148 612 novae
156 552 288 614 oneremus
301 551 430 625 quasdem
439 559 530 608 nodus
544 551 661 608 inoendit
674 557 699 606 et
711 569 794 608 unam
807 551 865 608 iru-

64 636 158 686 meuto
166 635 289 684 conamur
296 627 418 693 obduruit,
433 643 616 702 magnumque
627 627 726 682 noscis
740 635 864 682 terrorem
877 655 881 666 «

64 701 747 776 iniecitetncciumilitibusetsegittoriisioterram
760 703 864 774 exposi-
966 699 976 708 “

65 779 112 843 tis,
124 777 286 849 praesidium
294 778 416 851 equitum
426 776 522 842 deiecit
534 785 560 832 et
571 775 636 832 adeo
649 775 698 832 ioci
709 777 866 850 opportuni·

66 860 120 910 tato
128 850 244 924 pmteoit,
265 853 305 910 uti
315 852 351 908 ad
362 853 517 924 Pompeium
531 851 629 908 litteras
641 852 762 918 mitteret,
784 869 866 908 naves

67 927 195 1000 reliquae,
206 927 230 984 ei
242 926 328 995 vallet,
339 927 453 984 subduci
462 935 488 983 et
499 927 571 982 reiioi
583 926 700 985 iuberet:
720 943 769 984 sua
782 926 866 986 closae

66 1001 168 1060 euniiia
177 1002 575 1074 sesesseeearisprohibiturom.

123 1077 222 1134 XXIV.
242 1078 305 1134 Erat
322 1076 625 1149 ectemporedntoniue
640 1075 784 1142 Brundisii,
806 1076 864 1148 qui,

65 1152 161 1210 virtuti
171 1152 288 1208 militum
305 1151 432 1217 mamm,
450 1151 561 1223 scaphae
579 1151 690 1209 nudum
707 1167 867 1225 magnarum

66 1227 170 1285 circiter
185 1227 322 1300 aeruginis
340 1226 457 1291 creditus
473 1225 626 1297 pluteisque
639 1226 763 1291 contexit,
784 1239 886 1298 eoque'

67 1300 166 1358 milites
174 1300 287 1360 deiectos
300 1300 435 1372 imposuit,
454 1309 533 1372 utque
545 1317 590 1356 eas
606 1299 635 1356 in
653 1299 729 1356 litore
743 1299 868 1372 piuribus
921 1303 923 1310 ’

67 1375 133 1432 locis
142 1377 282 1448 separatim
291 1375 430 1446 disposuit,
443 1391 577 1446 novosque
584 1373 703 1430 triremes
712 1373 789 1439 dura,
800 1391 869 1446 quas

66 1451 205 1508 Brundisii
213 1449 346 1506 iodeodm
354 1457 498 1514 curaverat,
518 1462 699 1520 percenseam
712 1447 870 1504 exercendo-

67 1543 132 1582 rum
150 1525 284 1597 remigum
303 1523 337 1582 ad
358 1522 447 1578 fauces
463 1530 555 1594 pertus
572 1520 678 1594 prodire
699 1521 788 1578 iussit.
817 1523 871 1576 Has

67 1617 157 1673 quum
166 1595 455 1671 audacius'progressos
465 1597 534 1654 Libo
540 1597 659 1662 vidisset,
671 1611 781 1668 operans
790 1597 871 1651 inter-

68 1674 124 1744 cipi
136 1690 225 1744 possa,
243 1671 424 1744 quadriremes
440 1672 562 1744 quinque
580 1671 615 1726 ad
631 1686 676 1727 eas
692 1670 777 1728 misit.
797 1670 871 1742 Quae

70 1763 158 1820 quum
171 1745 286 1803 mribus
298 1747 395 1802 nesbis
412 1746 677 1820 adpropinquassent,
698 1744 782 1801 nmtri
800 1752 871 1801 vete-

69 1821 130 1878 rani
148 1821 177 1878 in
196 1827 303 1894 portum
320 1819 496 1896 reiugiebant:
521 1821 570 1888 illi,
591 1821 680 1878 studio
697 1819 807 1883 incitati,
829 1820 872 1875 in-

68 1896 174 1954 cautius
187 1895 376 1970 sequebantur.
396 1898 452 1952 Iam
464 1913 499 1952 ex
511 1895 637 1952 omnibus
650 1894 770 1968 pertibus
783 1893 871 1950 subito

68 1973 235 2029 Antonianae
243 1972 364 2045 scaphae,
385 1971 540 2046 signodato,
561 1989 590 2026 se
603 1971 632 2026 in
644 1971 732 2026 hostes
744 1969 871 2026 incitave-

70 2056 143 2113 runt,
153 2047 294 2120 primoque
301 2048 404 2120 impetu
414 2065 497 2102 unam
506 2063 540 2102 ex
549 2046 592 2101 his
601 2046 797 2119 quadriremem
807 2061 870 2102 cum

70 2122 219 2196 remigibus
246 2121 483 2194 defensoribusque
504 2122 562 2176 suis
587 2127 724 2194 ceperunt,
753 2119 870 2194 reliques

70 2195 183 2267 turpiter
189 2196 308 2272 refugere
315 2204 466 2273 megemnt.
478 2194 580 2252 ddboc
588 2197 775 2254 detrimentum
784 2211 872 2250 acces-

71 2270 117 2334 sit,
129 2276 168 2336 ut,
181 2273 315 2342 equitibus
323 2291 372 2345 per
381 2271 627 2329 oremmoritimam
640 2271 675 2328 ab
688 2270 803 2327 Antonio
815 2269 872 2323 dis·
897 2269 901 2278 '

71 2343 176 2419 positis,
192 2346 285 2417 equari
292 2348 500 2418 prohiberentur.
521 2345 579 2413 Qun
590 2347 744 2402 nmssitate
757 2350 783 2398 et
796 2342 873 2416 igno-

72 2419 158 2478 minia
171 2428 305 2492 pmmotus
316 2422 392 2496 Libo,
414 2421 535 2478 disoessit
546 2420 719 2486 aBrundisic,
742 2416 873 2476 obsessio-

72 2503 508 2626 nemiffvffoffirtiuiofffflnses
516 2565 802 2626 bansicrantethiems
819 2565 874 2620 iem

73 2645 296 2719 praecipitaverat,
318 2663 403 2720 neque
415 2645 557 2702 brundisio
565 2660 646 2700 naves
659 2641 828 2717 legionesque
841 2638 875 2696 ad
