2044 2992
212 143 470 191 HISPANIENSI.
498 142 579 190 CAP.
592 143 633 189 tt.
762 136 811 190 tlt

24 246 149 326 proximo
158 261 186 299 se
194 244 289 314 recepit
297 240 400 297 castello
410 241 602 314 nonnullasque
614 257 694 296 naves
708 239 742 296 ad
754 241 815 296 reii-

24 321 150 380 ciondum
160 318 294 373 subduxit.
324 316 452 380 lusitani,
470 317 516 388 qui
531 331 664 388 expugna
679 313 814 388 superfue-

24 404 100 461 runt,
119 393 152 448 ad
164 393 271 466 signum
286 407 316 444 se
326 398 474 462 receperunt
487 398 521 455 et,
543 391 609 445 bene
623 407 719 462 magna
733 407 814 444 mauu

23 465 335 542 comparata‚adllidium
345 481 373 518 se
382 473 518 536 reportant.
530 465 596 519 Huic
605 464 653 518 etsi
663 481 714 518 non
727 464 814 518 aberat

22 541 163 617 diligentia
176 540 210 595 ad
224 557 303 594 naves
316 539 437 600 tuendas.
458 547 545 594 tamen
563 555 763 610 nonnumquam
781 555 814 592 ex

22 617 135 679 castello
144 622 247 686 propter
258 631 348 668 oerum
362 613 463 668 crebras
477 613 643 668 excursiones
654 612 812 667 eliciebatur:

23 705 52 754 ot
73 693 112 748 sic
126 705 205 760 prope
218 687 376 757 quotidianis
388 689 485 761 pugnis
498 687 607 743 insidias
616 694 717 758 ponunt
730 694 755 742 et
768 687 815 741 tri-

22 761 382 845 partitosignadistribuunt.
410 763 596 834 Erantparati,
618 763 665 834 qni
679 779 759 816 naves
773 763 815 815 in·
844 819 849 830 ,

22 841 175 903 canderent,
192 837 365 908 incensisque,
380 838 429 908 qai
442 838 591 892 subsidium
605 837 764 909 repellerent.
794 836 814 889 li

22 921 65 976 sic
87 911 205 985 dispositi
223 920 308 976 erant,
328 918 359 966 ut
375 930 389 966 a
405 911 480 968 nullo
496 911 625 984 conspecti
642 912 762 966 omnium
781 910 815 964 ad

22 1006 147 1068 pugnam
156 986 348 1042 contenderent.
380 987 418 1040 lta
426 1001 511 1057 quum
520 1003 553 1043 ex
565 985 669 1041 castello
680 986 772 1040 Didius
782 984 815 1039 ad

21 1061 227 1142 propellendum
239 1059 404 1131 processisset
413 1075 473 1114 eum
485 1059 577 1131 copiis,
596 1061 703 1133 signum
712 1077 727 1114 a
737 1060 815 1114 lusi-

21 1141 99 1199 tanis
117 1135 227 1200 tollitur,
245 1149 325 1188 naves
343 1131 530 1196 incenduntur,
550 1133 696 1206 simulque,
716 1137 762 1205 qui
781 1151 815 1188 ex

22 1209 135 1272 castello
143 1208 300 1279 adpugnare
311 1215 494 1276 processerant,
504 1206 594 1260 eodem
603 1209 679 1280 signo
687 1206 815 1280 fugientes

22 1293 143 1347 latrones
155 1281 220 1336 dum
238 1288 438 1352 persequuntur,
460 1298 475 1335 a
493 1287 565 1354 tergo
579 1281 687 1340 insidiae
706 1283 816 1337 clamore

22 1359 134 1422 sublato
154 1355 371 1411 circumveniunt.
409 1354 501 1410 Didius
522 1373 698 1428 magnacum
721 1357 817 1411 virtuto

22 1452 92 1495 cum
106 1430 286 1503 compluribus
295 1429 460 1486 interficitur:
481 1428 601 1485 nonnulli
615 1447 645 1485 ea
658 1446 747 1504 pugna
760 1447 817 1484 sca-

22 1515 106 1588 phas,
118 1523 186 1579 quae
197 1505 231 1560 ad
244 1505 306 1560 litus
320 1505 430 1571 fuerant,
444 1512 582 1577 occupant:
598 1505 660 1559 item
669 1503 816 1576 complures

23 1583 119 1644 nando
132 1581 165 1636 ad
180 1598 268 1648 naves,
288 1597 356 1653 quae
374 1581 402 1635 in
421 1579 607 1645 ademerunt,
629 1597 658 1635 sa
675 1580 816 1652 recipiunt:

23 1657 133 1719 ancoris
142 1656 261 1720 sublatis,
276 1655 385 1728 pelagus
398 1656 476 1710 remis
485 1661 726 1726 peterecueperunt.
746 1653 818 1720 Quae

23 1756 68 1794 res
79 1747 173 1789 eorum
184 1732 251 1786 vitae
259 1729 376 1785 subsidio
381 1729 439 1784 tuit.
450 1730 567 1784 Lusitani
574 1729 667 1802 praeda
672 1728 817 1801 potiuntur.

24 1813 126 1868 Caesar
136 1805 254 1861 Gadibus
264 1823 357 1859 rursus
365 1805 398 1862 ad
407 1804 534 1876 Hispalim
544 1805 663 1860 recurrit,
872 1813 874 1818 '

84 1882 157 1938 XLl.
176 1880 275 1935 Fabius
283 1879 425 1944 Maximus,
434 1895 521 1952 ,quem
536 1881 592 1952 ipse
606 1879 639 1934 ad
650 1875 775 1934 Mundam
786 1877 819 1932 ad

24 1952 816 2034 praesidinmoppugnandumreliqueratoperibusadsiduis,

25 2037 173 2103 hostesque
185 2030 284 2085 circum
303 2047 360 2084 sese
379 2029 521 2095 interclusi,
542 2030 609 2085 inter
627 2047 656 2086 so
674 2027 817 2091 decernere,

25 2109 96 2162 lacta
105 2105 183 2162 caede
195 2105 263 2161 bene
271 2123 377 2178 magna,
394 2105 411 2136 *
424 2105 585 2176 eruptionem
597 2103 704 2160 iaciunt.
733 2103 819 2158 Nostri

27 2181 64 2236 ad
74 2178 204 2251 oppidum
213 2179 418 2252 recuperandum
426 2181 585 2235 occasionem
596 2197 647 2236 non
657 2179 820 2253 praetermit·
914 2232 918 2237 .

26 2260 127 2310 tuntet
145 2251 342 2324 reliquosvivos
363 2251 477 2326 capiunt,
497 2255 558 2310 XlV
567 2254 660 2316 millia.
683 2270 713 2307 ac
726 2251 821 2307 deinde

26 2331 178 2385 Ursaonem
192 2329 403 2398 proficiscuntur:
424 2329 496 2401 quod
509 2329 635 2401 oppidum
649 2345 744 2400 magna
760 2341 821 2380 mu·

27 2403 134 2459 nitione
143 2401 330 2466 continebatur,
338 2404 421 2470 sicut
430 2405 487 2476 ipse
495 2403 567 2460 locus
578 2421 629 2458 non
640 2402 726 2456 solum
736 2417 819 2473 opere,

27 2477 77 2532 sod
88 2476 169 2531 etiam
180 2483 270 2530 natura
279 2477 374 2542 editus,
388 2479 420 2532 ab
429 2478 605 2552 oppugnando
613 2477 714 2532 hostem
724 2483 822 2532 averte-
885 2527 889 2532 .

28 2560 79 2607 ret.
102 2553 161 2606 Huc
170 2550 312 2614 accedebat,
327 2559 356 2604 nt
365 2571 440 2625 aqua,
454 2562 635 2626 praeterquam
646 2553 673 2606 in
682 2552 738 2623 ipso
747 2551 823 2623 oppi-

28 2625 187 2693 donanda,
207 2625 372 2682 circumcirca
392 2645 524 2703 nusquam
544 2627 698 2701 reperiretur
715 2627 822 2700 propius
