2078 2996
305 149 376 195 LIB.
388 147 419 194 11.
449 147 528 194 CAP.
541 147 584 193 40.
595 146 638 192 41.
821 142 866 195 ddi

5 299 13 334 ᾗ
83 251 170 308 studia
180 266 232 305 uon
242 248 355 304 deerant.
374 249 482 321 Equites
491 261 566 320 sequi
576 247 647 302 iubet
656 263 713 302 sese
722 247 821 319 iterque
830 265 874 302 ac-

83 327 184 390 celerat,
192 333 223 380 ut
231 341 312 397 quam
319 323 434 380 maxime
441 341 474 379 ex
483 322 546 396 fuga
554 322 702 394 perterritos
711 320 805 376 adoriri
813 339 874 394 pos-

2 405 3 412 ’
84 409 132 457 set.
152 399 350 465 stillaturam
360 399 441 453 totius·
450 399 533 452 noctis
548 396 664 461 confecti,
679 397 805 468 subsequi
821 413 873 451 non

2 481 7 521 g,
83 481 202 550 poterant
211 482 288 546 etque
298 473 342 528 aiii
352 472 402 528 alic
411 472 466 528 loco
474 472 637 529 resistebant.
651 473 690 528 Ne
699 471 873 544 haecquidem

5 602 12 619 ,
84 569 126 606 res
136 550 276 605 Curionem
285 548 319 603 ed
328 565 402 619 spem
413 547 571 602 morabatur.
657 589 660 596 .

140 625 199 680 XL.
219 624 292 688 Iuba,
302 623 393 678 certior
402 620 615 677 iactusaSabura
624 620 656 676 de
665 627 792 676 nocturno
799 635 875 692 prce·

1 692 11 711 ᾧ
85 699 133 763 lic,
144 699 199 752 duo
207 696 290 752 millia
299 689 483 769 Hispaniorum
492 703 517 751 et
524 695 658 751 Gallorum
669 696 799 769 equitum,
807 711 875 766 quos

86 791 151 829 suae
161 771 292 827 custodiae
308 789 401 832 caussa
417 771 517 826 circum
535 788 564 824 se
578 770 673 826 babere
686 777 830 834 consuerat,
851 777 877 823 et

0 846 2 859 '
85 848 205 921 peditum
214 847 388 919 campartem,
405 846 448 901 cui
460 846 576 901 maxime
584 845 738 911 confidebat,
761 844 876 916 Saburra

0 965 1 982 i
86 923 230 978 submittit:
251 922 306 994 ipse
315 939 376 976 cum
385 920 494 993 reliquis
503 920 584 993 copiis
593 919 876 1006 elephantisquesexa-

0 991 1 1008 ¹
85 999 159 1072 ginta
169 996 262 1052 lentius
271 996 450 1068 subsequitur,
462 996 618 1067 suspicacis,
633 994 785 1067 praemissis
800 993 876 1065 equi-

1 1125 5 1146 ,
86 1073 166 1138 tibus,
182 1072 270 1143 ipsum
279 1069 367 1126 adfore
376 1070 526 1126 Curionem.
546 1069 646 1124 Sabura
654 1070 741 1141 copias
779 1069 875 1123 'uitum

1 1151 5 1160 '
86 1147 257 1220 peditumque
265 1146 372 1200 iustruit
380 1153 458 1216 atqua
469 1144 512 1198 bis
526 1143 644 1214 imperat,
665 1151 695 1200 ut
708 1144 779 1198 simu
790 1141 876 1198 atione

19 1247 25 1256 ·
85 1222 187 1276 timoris
196 1219 333 1292 paullatim
342 1218 434 1274 oedem
442 1235 471 1272 ac
479 1217 572 1289 pedem
581 1216 703 1273 referant:
717 1234 875 1290 sese‚quum

87 1313 153 1367 opus
162 1303 238 1359 esset,
257 1295 365 1368 signum
378 1291 468 1365 proelii
481 1291 603 1346 daturum
616 1300 650 1356 et,
671 1291 742 1364 quod
754 1309 810 1346 rem
829 1308 877 1363 po-

86 1369 183 1436 stulare
196 1369 368 1443 cognovisset,
390 1367 589 1438 imperaturum.
608 1366 696 1431 Curio,
713 1365 745 1420 ad
759 1366 877 1437 superio-

1 1451 2 1458 ’
87 1462 143 1500 rem
152 1461 227 1516 spem
240 1443 327 1498 addita
340 1440 482 1514 praesentis
500 1439 623 1511 temporis
639 1440 768 1510 opinione,
788 1439 877 1494 hostes

86 1520 177 1593 fugere
186 1518 335 1582 arbitratum,
349 1515 437 1588 copias
446 1532 480 1570 ex
493 1513 557 1570 locis
570 1513 749 1587 superioribus
763 1513 791 1568 iu
805 1530 877 1568 cam—

106 1611 152 1650 um
162 1592 276 1647 deducit.

86 1612 105 1666 p
142 1667 212 1720 XLI.
232 1665 336 1732 Quibus
345 1681 378 1720 ex
387 1663 451 1720 locis
460 1679 545 1736 quum
559 1662 601 1719 lon
622 1663 664 1717 ius
676 1668 744 1717 esset
756 1677 878 1736 progres-

87 1758 144 1803 sus,
158 1738 272 1795 confecto
281 1741 333 1794 iam
343 1739 431 1795 labore
439 1738 562 1805 exercitu,
616 1738 681 1798 ecim
691 1736 807 1794 millium
817 1754 878 1808 spa-

86 1817 125 1872 tio
133 1814 257 1870 constitit.
276 1816 324 1870 Dat
333 1814 389 1869 suis
397 1814 505 1888 siguum
520 1813 629 1878 Sabura,
647 1812 727 1867 aciem
743 1811 878 1873 constituit

86 1899 112 1947 et
121 1890 258 1946 circumire
266 1889 371 1945 ordines
382 1897 461 1962 atque
469 1887 565 1944 hortari
574 1888 678 1959 incipit3
699 1886 744 1942 sed
760 1886 876 1958 peditatu

86 1967 215 2022 dunmxat
219 1964 310 2038 procul
321 1965 354 2020 ad
363 1963 475 2037 speciem
483 1963 573 2030 utitur,
580 1963 680 2035 equites
689 1961 717 2018 iu
727 1961 807 2016 aciem
815 1962 877 2017 mit-

85 2043 126 2096 tit.
147 2042 204 2096 Non
214 2041 285 2096 deest
294 2041 397 2114 nogotio
407 2039 486 2096 Curio
494 2054 608 2110 suosque
617 2037 742 2103 hortatur,
758 2044 787 2092 ut
801 2055 875 2110 spem

86 2132 191 2171 omnem
202 2116 229 2172 in
242 2115 337 2172 virtute
353 2121 490 2187 reponant:
511 2131 545 2168 ne
564 2111 691 2168 militibus
709 2111 827 2185 quidem,
847 2119 877 2167 ut

87 2189 205 2255 defessis,
216 2207 302 2263 neque
311 2189 454 2262 equitibus,
466 2196 495 2243 ut
503 2188 594 2260 paucis
606 2194 631 2242 et
643 2185 731 2244 labore
742 2186 874 2252 confectis,

87 2263 205 2319 studium
215 2264 248 2320 ad
258 2265 430 2337 pugnandum
443 2263 580 2335 virtusque
592 2262 692 2319 deerat:
712 2262 758 2318 sed
771 2262 789 2315 ii
804 2265 878 2316 erant

87 2354 198 2396 numero
219 2337 331 2404 ducenti,
356 2337 451 2411 reliqui
474 2338 502 2392 iu
524 2337 613 2395 itinere
633 2337 811 2392 substiterant.
844 2334 876 2388 Hi
943 2396 946 2400 ⁴

86 2429 285 2488 quamcumque
294 2412 322 2467 in
331 2420 430 2484 partem
439 2413 566 2484 impetum
581 2410 699 2476 fecerant,
720 2410 808 2464 hostes
822 2407 877 2463 loeo

86 2490 177 2546 cedere
186 2486 323 2560 cogebaut;
342 2486 388 2541 sed
398 2503 482 2558 neque
491 2485 595 2560 longius
605 2484 733 2557 fugientes
743 2482 874 2554 prosequi,

86 2582 135 2622 nec
144 2560 325 2620 vehementius
339 2577 420 2633 equos
434 2561 540 2616 incitare
552 2566 680 2632 poterant.
700 2558 733 2612 At
745 2558 876 2629 equitatus

86 2640 203 2698 bestium
212 2637 247 2694 ab
255 2643 367 2708 utroque
378 2652 459 2692 cornu
472 2635 610 2691 circumire
623 2633 704 2688 aciem
720 2639 834 2688 nostram
852 2640 877 2688 et
