<?xml version="1.0" encoding="UTF-8"?>
<!DOCTYPE html PUBLIC "-//W3C//DTD XHTML 1.0 Transitional//EN"
    "http://www.w3.org/TR/xhtml1/DTD/xhtml1-transitional.dtd">
<html xmlns="http://www.w3.org/1999/xhtml" xml:lang="en" lang="en">
 <head>
  <title>
</title>
<meta http-equiv="Content-Type" content="text/html;charset=utf-8" />
  <meta name='ocr-system' content='tesseract 3.04.00' />
  <meta name='ocr-capabilities' content='ocr_page ocr_carea ocr_par ocr_line ocrx_word'/>
</head>
<body>
  <div class='ocr_page' id='page_1' title='image "./ciuliicaesarisc04caesgoog_0410.png"; bbox 0 0 2042 3004; ppageno 0'>
   <div class='ocr_carea' id='block_1_1' title="bbox 150 123 835 232">
    <p class='ocr_par' dir='ltr' id='par_1_1' title="bbox 150 123 835 232">
     <span class='ocr_line' id='line_1_1' title="bbox 150 123 835 232; baseline 0.012 -35"><span class='ocrx_word' id='word_1_1' title='bbox 150 123 158 138; x_wconf 52' lang='lat'><strong>⁸</strong></span> <span class='ocrx_word' id='word_1_2' title='bbox 211 152 504 232; x_wconf 72' lang='lat' dir='ltr'>anaxannarno.</span> <span class='ocrx_word' id='word_1_3' title='bbox 533 155 672 204; x_wconf 72' lang='lat' dir='ltr'>canes.</span> <span class='ocrx_word' id='word_1_4' title='bbox 785 152 835 207; x_wconf 77' lang='lat' dir='ltr'>tot</span> 
     </span>
    </p>
   </div>
   <div class='ocr_carea' id='block_1_2' title="bbox 37 250 901 626">
    <p class='ocr_par' dir='ltr' id='par_1_2' title="bbox 37 250 860 552">
     <span class='ocr_line' id='line_1_2' title="bbox 37 250 837 328; baseline 0.006 -20"><span class='ocrx_word' id='word_1_5' title='bbox 37 271 125 326; x_wconf 86' lang='lat' dir='ltr'>quam</span> <span class='ocrx_word' id='word_1_6' title='bbox 140 250 345 324; x_wconf 65' lang='lat' dir='ltr'>Cappadociam,</span> <span class='ocrx_word' id='word_1_7' title='bbox 360 253 466 327; x_wconf 76' lang='lat' dir='ltr'>longius</span> <span class='ocrx_word' id='word_1_8' title='bbox 482 262 622 323; x_wconf 62' lang='lat' dir='ltr'>remotam</span> <span class='ocrx_word' id='word_1_9' title='bbox 643 255 767 328; x_wconf 86' lang='lat' dir='ltr'>quodque</span> <span class='ocrx_word' id='word_1_10' title='bbox 778 275 837 312; x_wconf 90' lang='lat' dir='ltr'>om-</span> 
     </span>
     <span class='ocr_line' id='line_1_3' title="bbox 37 325 836 401; baseline 0.004 -17"><span class='ocrx_word' id='word_1_11' title='bbox 37 346 88 384; x_wconf 91' lang='lat' dir='ltr'>nes</span> <span class='ocrx_word' id='word_1_12' title='bbox 99 334 152 381; x_wconf 88' lang='lat' dir='ltr'>tres</span> <span class='ocrx_word' id='word_1_13' title='bbox 167 325 282 400; x_wconf 76' lang='lat' dir='ltr'>legiones</span> <span class='ocrx_word' id='word_1_14' title='bbox 294 328 471 384; x_wconf 81' lang='lat' dir='ltr'>adducturum</span> <span class='ocrx_word' id='word_1_15' title='bbox 484 331 628 386; x_wconf 88' lang='lat' dir='ltr'>Domitium</span> <span class='ocrx_word' id='word_1_16' title='bbox 642 339 772 401; x_wconf 85' lang='lat' dir='ltr'>putessat;</span> <span class='ocrx_word' id='word_1_17' title='bbox 794 334 836 399; x_wconf 83' lang='lat' dir='ltr'>(ex</span> 
     </span>
     <span class='ocr_line' id='line_1_4' title="bbox 37 402 837 476; baseline 0.005 -20"><span class='ocrx_word' id='word_1_18' title='bbox 37 402 142 476; x_wconf 88' lang='lat' dir='ltr'>quibus</span> <span class='ocrx_word' id='word_1_19' title='bbox 152 419 238 474; x_wconf 88' lang='lat' dir='ltr'>quum</span> <span class='ocrx_word' id='word_1_20' title='bbox 248 402 314 458; x_wconf 88' lang='lat' dir='ltr'>duas</span> <span class='ocrx_word' id='word_1_21' title='bbox 324 402 358 458; x_wconf 83' lang='lat' dir='ltr'>ad</span> <span class='ocrx_word' id='word_1_22' title='bbox 367 404 503 460; x_wconf 84' lang='lat' dir='ltr'>Caesarem</span> <span class='ocrx_word' id='word_1_23' title='bbox 512 404 609 460; x_wconf 85' lang='lat' dir='ltr'>missas</span> <span class='ocrx_word' id='word_1_24' title='bbox 618 405 742 472; x_wconf 79' lang='lat' dir='ltr'>audisset.</span> <span class='ocrx_word' id='word_1_25' title='bbox 755 406 837 460; x_wconf 85' lang='lat' dir='ltr'>auda-</span> 
     </span>
     <span class='ocr_line' id='line_1_5' title="bbox 37 477 860 552; baseline 0.005 -20"><span class='ocrx_word' id='word_1_26' title='bbox 37 479 98 532; x_wconf 87' lang='lat' dir='ltr'>cius</span> <span class='ocrx_word' id='word_1_27' title='bbox 111 477 138 531; x_wconf 90' lang='lat' dir='ltr'>in</span> <span class='ocrx_word' id='word_1_28' title='bbox 149 478 272 533; x_wconf 84' lang='lat' dir='ltr'>Armenia</span> <span class='ocrx_word' id='word_1_29' title='bbox 282 478 441 536; x_wconf 77' lang='lat' dir='ltr'>substitisset</span> <span class='ocrx_word' id='word_1_30' title='bbox 448 479 465 552; x_wconf 71' lang='grc' dir='ltr'>ς)</span> <span class='ocrx_word' id='word_1_31' title='bbox 483 495 647 550; x_wconf 83' lang='lat' dir='ltr'>perseverare</span> <span class='ocrx_word' id='word_1_32' title='bbox 659 480 751 551; x_wconf 84' lang='lat' dir='ltr'>eoepit,</span> <span class='ocrx_word' id='word_1_33' title='bbox 767 489 837 536; x_wconf 89' lang='lat' dir='ltr'>uteo</span> <span class='ocrx_word' id='word_1_34' title='bbox 856 493 860 502; x_wconf 82' lang='lat'>&#39;</span> 
     </span>
    </p>

    <p class='ocr_par' dir='ltr' id='par_1_3' title="bbox 37 552 901 626">
     <span class='ocr_line' id='line_1_6' title="bbox 37 552 901 626; baseline 0.005 -20"><span class='ocrx_word' id='word_1_35' title='bbox 37 568 150 626; x_wconf 89' lang='lat' dir='ltr'>quoque</span> <span class='ocrx_word' id='word_1_36' title='bbox 169 569 249 624; x_wconf 84' lang='lat' dir='ltr'>reguo</span> <span class='ocrx_word' id='word_1_37' title='bbox 267 552 412 610; x_wconf 79' lang='lat' dir='ltr'>desederet:</span> <span class='ocrx_word' id='word_1_38' title='bbox 445 559 611 624; x_wconf 79' lang='lat' dir='ltr'>nequeenim</span> <span class='ocrx_word' id='word_1_39' title='bbox 629 558 704 610; x_wconf 82' lang='lat' dir='ltr'>atiud</span> <span class='ocrx_word' id='word_1_40' title='bbox 722 559 763 610; x_wconf 78' lang='lat' dir='ltr'>iae</span> <span class='ocrx_word' id='word_1_41' title='bbox 784 573 838 610; x_wconf 82' lang='lat' dir='ltr'>essa</span> <span class='ocrx_word' id='word_1_42' title='bbox 899 565 901 570; x_wconf 86' lang='lat'>&#39;</span> 
     </span>
    </p>
   </div>
   <div class='ocr_carea' id='block_1_3' title="bbox 8 627 883 2342">
    <p class='ocr_par' dir='ltr' id='par_1_4' title="bbox 8 627 838 1445">
     <span class='ocr_line' id='line_1_7' title="bbox 41 627 836 698; baseline 0.003 -16"><span class='ocrx_word' id='word_1_43' title='bbox 41 627 319 697; x_wconf 57' lang='lat' dir='ltr'>Cappadociamque</span> <span class='ocrx_word' id='word_1_44' title='bbox 330 629 480 684; x_wconf 76' lang='lat' dir='ltr'>Armeniae:</span> <span class='ocrx_word' id='word_1_45' title='bbox 499 646 545 684; x_wconf 82' lang='lat' dir='ltr'>neo</span> <span class='ocrx_word' id='word_1_46' title='bbox 554 634 620 684; x_wconf 83' lang='lat' dir='ltr'>iuste</span> <span class='ocrx_word' id='word_1_47' title='bbox 630 633 836 698; x_wconf 81' lang='lat' dir='ltr'>eumpoatatara,</span> 
     </span>
     <span class='ocr_line' id='line_1_8' title="bbox 37 699 837 774; baseline 0.005 -20"><span class='ocrx_word' id='word_1_48' title='bbox 37 711 69 755; x_wconf 82' lang='lat' dir='ltr'>ut</span> <span class='ocrx_word' id='word_1_49' title='bbox 80 708 111 755; x_wconf 83' lang='grc' dir='ltr'>ιἰι</span> <span class='ocrx_word' id='word_1_50' title='bbox 123 699 243 756; x_wconf 78' lang='lat' dir='ltr'>Caesarie</span> <span class='ocrx_word' id='word_1_51' title='bbox 251 706 388 758; x_wconf 80' lang='lat' dir='ltr'>adventum</span> <span class='ocrx_word' id='word_1_52' title='bbox 396 721 438 758; x_wconf 80' lang='lat' dir='ltr'>raa</span> <span class='ocrx_word' id='word_1_53' title='bbox 446 707 548 772; x_wconf 80' lang='lat' dir='ltr'>intapra</span> <span class='ocrx_word' id='word_1_54' title='bbox 556 707 717 774; x_wconf 72' lang='lat' dir='ltr'>differretur:</span> <span class='ocrx_word' id='word_1_55' title='bbox 729 707 758 760; x_wconf 82' lang='lat' dir='ltr'>id</span> <span class='ocrx_word' id='word_1_56' title='bbox 766 710 837 760; x_wconf 48' lang='lat' dir='ltr'>xanim</span> 
     </span>
     <span class='ocr_line' id='line_1_9' title="bbox 39 779 837 850; baseline 0.005 -20"><span class='ocrx_word' id='word_1_57' title='bbox 39 793 97 830; x_wconf 82' lang='lat' dir='ltr'>esse</span> <span class='ocrx_word' id='word_1_58' title='bbox 109 779 245 844; x_wconf 58' lang='lat' dir='ltr'>tatarum,</span> <span class='ocrx_word' id='word_1_59' title='bbox 266 782 381 846; x_wconf 76' lang='lat' dir='ltr'>qaodtta</span> <span class='ocrx_word' id='word_1_60' title='bbox 390 787 462 840; x_wconf 80' lang='lat' dir='ltr'>esset,</span> <span class='ocrx_word' id='word_1_61' title='bbox 480 787 511 832; x_wconf 85' lang='lat' dir='ltr'>at</span> <span class='ocrx_word' id='word_1_62' title='bbox 522 784 622 848; x_wconf 66' lang='lat' dir='ltr'>[amaa.</span> <span class='ocrx_word' id='word_1_63' title='bbox 647 779 694 834; x_wconf 89' lang='lat' dir='ltr'>His</span> <span class='ocrx_word' id='word_1_64' title='bbox 703 779 837 850; x_wconf 78' lang='lat' dir='ltr'>responsis</span> 
     </span>
     <span class='ocr_line' id='line_1_10' title="bbox 39 849 838 924; baseline 0.005 -19"><span class='ocrx_word' id='word_1_65' title='bbox 39 849 122 914; x_wconf 88' lang='lat' dir='ltr'>datis,</span> <span class='ocrx_word' id='word_1_66' title='bbox 138 865 200 904; x_wconf 89' lang='lat' dir='ltr'>aum</span> <span class='ocrx_word' id='word_1_67' title='bbox 210 849 243 904; x_wconf 91' lang='lat' dir='ltr'>iis</span> <span class='ocrx_word' id='word_1_68' title='bbox 257 852 347 922; x_wconf 80' lang='lat' dir='ltr'>copiis,</span> <span class='ocrx_word' id='word_1_69' title='bbox 364 869 433 924; x_wconf 73' lang='lat' dir='ltr'>qums</span> <span class='ocrx_word' id='word_1_70' title='bbox 446 853 639 924; x_wconf 81' lang='lat' dir='ltr'>suprascripsi,</span> <span class='ocrx_word' id='word_1_71' title='bbox 658 852 788 924; x_wconf 79' lang='lat' dir='ltr'>proiectas</span> <span class='ocrx_word' id='word_1_72' title='bbox 798 861 838 910; x_wconf 87' lang='lat' dir='ltr'>est</span> 
     </span>
     <span class='ocr_line' id='line_1_11' title="bbox 39 923 834 998; baseline 0.005 -18"><span class='ocrx_word' id='word_1_73' title='bbox 39 923 239 990; x_wconf 72' lang='lat' dir='ltr'>iadrmeniam</span> <span class='ocrx_word' id='word_1_74' title='bbox 249 924 366 998; x_wconf 87' lang='lat' dir='ltr'>iocisque</span> <span class='ocrx_word' id='word_1_75' title='bbox 375 927 555 998; x_wconf 86' lang='lat' dir='ltr'>superioribus</span> <span class='ocrx_word' id='word_1_76' title='bbox 564 928 612 982; x_wconf 90' lang='lat' dir='ltr'>iter</span> <span class='ocrx_word' id='word_1_77' title='bbox 620 926 703 983; x_wconf 82' lang='lat' dir='ltr'>iaoers</span> <span class='ocrx_word' id='word_1_78' title='bbox 712 929 834 984; x_wconf 88' lang='lat' dir='ltr'>instituit:</span> 
     </span>
     <span class='ocr_line' id='line_1_12' title="bbox 8 1001 834 1073; baseline 0.002 -18"><span class='ocrx_word' id='word_1_79' title='bbox 8 1067 9 1072; x_wconf 7' lang='grc' dir='ltr'>ἵ</span> <span class='ocrx_word' id='word_1_80' title='bbox 39 1017 106 1055; x_wconf 89' lang='lat' dir='ltr'>nam</span> <span class='ocrx_word' id='word_1_81' title='bbox 120 1017 153 1054; x_wconf 83' lang='lat' dir='ltr'>ex</span> <span class='ocrx_word' id='word_1_82' title='bbox 168 1001 249 1054; x_wconf 89' lang='lat' dir='ltr'>Ponto</span> <span class='ocrx_word' id='word_1_83' title='bbox 261 1018 276 1056; x_wconf 87' lang='lat' dir='ltr'>a</span> <span class='ocrx_word' id='word_1_84' title='bbox 290 1001 414 1057; x_wconf 87' lang='lat' dir='ltr'>Comanis</span> <span class='ocrx_word' id='word_1_85' title='bbox 431 1002 525 1073; x_wconf 80' lang='lat' dir='ltr'>iugum</span> <span class='ocrx_word' id='word_1_86' title='bbox 543 1002 645 1057; x_wconf 89' lang='lat' dir='ltr'>editum</span> <span class='ocrx_word' id='word_1_87' title='bbox 658 1003 778 1058; x_wconf 83' lang='lat' dir='ltr'>silvestre</span> <span class='ocrx_word' id='word_1_88' title='bbox 786 1011 834 1068; x_wconf 84' lang='lat' dir='ltr'>ast,</span> 
     </span>
     <span class='ocr_line' id='line_1_13' title="bbox 8 1073 838 1148; baseline 0.006 -21"><span class='ocrx_word' id='word_1_89' title='bbox 8 1141 9 1144; x_wconf 7' lang='grc' dir='ltr'><strong>Ἴ</strong></span> <span class='ocrx_word' id='word_1_90' title='bbox 39 1073 177 1146; x_wconf 81' lang='lat' dir='ltr'>partinens</span> <span class='ocrx_word' id='word_1_91' title='bbox 186 1074 215 1128; x_wconf 90' lang='lat' dir='ltr'>in</span> <span class='ocrx_word' id='word_1_92' title='bbox 228 1075 380 1130; x_wconf 84' lang='lat' dir='ltr'>Armeniam</span> <span class='ocrx_word' id='word_1_93' title='bbox 389 1075 527 1140; x_wconf 80' lang='lat' dir='ltr'>minorem,</span> <span class='ocrx_word' id='word_1_94' title='bbox 539 1093 593 1147; x_wconf 89' lang='lat' dir='ltr'>quo</span> <span class='ocrx_word' id='word_1_95' title='bbox 602 1076 763 1148; x_wconf 80' lang='lat' dir='ltr'>Cappadocia</span> <span class='ocrx_word' id='word_1_96' title='bbox 776 1079 838 1133; x_wconf 81' lang='lat' dir='ltr'>fini·</span> 
     </span>
     <span class='ocr_line' id='line_1_14' title="bbox 8 1147 838 1223; baseline 0.004 -19"><span class='ocrx_word' id='word_1_97' title='bbox 8 1147 9 1222; x_wconf 62' lang='lat' dir='ltr'><strong>f</strong></span> <span class='ocrx_word' id='word_1_98' title='bbox 39 1159 86 1204; x_wconf 90' lang='lat' dir='ltr'>tur</span> <span class='ocrx_word' id='word_1_99' title='bbox 96 1148 129 1203; x_wconf 83' lang='lat' dir='ltr'>ab</span> <span class='ocrx_word' id='word_1_100' title='bbox 142 1147 274 1204; x_wconf 79' lang='lat' dir='ltr'>Armenia.</span> <span class='ocrx_word' id='word_1_101' title='bbox 294 1149 377 1204; x_wconf 88' lang='lat' dir='ltr'>Cuius</span> <span class='ocrx_word' id='word_1_102' title='bbox 383 1149 485 1205; x_wconf 86' lang='lat' dir='ltr'>itineris</span> <span class='ocrx_word' id='word_1_103' title='bbox 496 1149 703 1207; x_wconf 81' lang='lat' dir='ltr'>hasesseeertes</span> <span class='ocrx_word' id='word_1_104' title='bbox 711 1161 838 1223; x_wconf 84' lang='lat' dir='ltr'>opportu-</span> 
     </span>
     <span class='ocr_line' id='line_1_15' title="bbox 8 1221 838 1297; baseline 0.005 -18"><span class='ocrx_word' id='word_1_105' title='bbox 8 1291 9 1294; x_wconf 7' lang='grc' dir='ltr'><strong>Ἴ</strong></span> <span class='ocrx_word' id='word_1_106' title='bbox 41 1225 148 1288; x_wconf 71' lang='lat' dir='ltr'>nitentes,</span> <span class='ocrx_word' id='word_1_107' title='bbox 160 1223 232 1296; x_wconf 87' lang='lat' dir='ltr'>quod</span> <span class='ocrx_word' id='word_1_108' title='bbox 244 1224 273 1282; x_wconf 88' lang='lat' dir='ltr'>in</span> <span class='ocrx_word' id='word_1_109' title='bbox 287 1221 350 1278; x_wconf 90' lang='lat' dir='ltr'>loeis</span> <span class='ocrx_word' id='word_1_110' title='bbox 365 1223 545 1294; x_wconf 88' lang='lat' dir='ltr'>superioribus</span> <span class='ocrx_word' id='word_1_111' title='bbox 560 1223 651 1280; x_wconf 85' lang='lat' dir='ltr'>nuilus</span> <span class='ocrx_word' id='word_1_112' title='bbox 668 1226 782 1297; x_wconf 88' lang='lat' dir='ltr'>impetus</span> <span class='ocrx_word' id='word_1_113' title='bbox 796 1245 838 1283; x_wconf 87' lang='lat' dir='ltr'>re-</span> 
     </span>
     <span class='ocr_line' id='line_1_16' title="bbox 8 1296 834 1371; baseline 0.002 -19"><span class='ocrx_word' id='word_1_114' title='bbox 8 1305 9 1322; x_wconf 77' lang='lat'>³</span> <span class='ocrx_word' id='word_1_115' title='bbox 41 1296 169 1370; x_wconf 86' lang='lat' dir='ltr'>pentinus</span> <span class='ocrx_word' id='word_1_116' title='bbox 178 1297 293 1354; x_wconf 80' lang='lat' dir='ltr'>accidere</span> <span class='ocrx_word' id='word_1_117' title='bbox 301 1297 418 1352; x_wconf 90' lang='lat' dir='ltr'>hostium</span> <span class='ocrx_word' id='word_1_118' title='bbox 428 1305 535 1368; x_wconf 80' lang='lat' dir='ltr'>poteret,</span> <span class='ocrx_word' id='word_1_119' title='bbox 548 1305 573 1352; x_wconf 87' lang='lat' dir='ltr'>et</span> <span class='ocrx_word' id='word_1_120' title='bbox 581 1298 653 1368; x_wconf 85' lang='lat' dir='ltr'>quod</span> <span class='ocrx_word' id='word_1_121' title='bbox 663 1299 834 1371; x_wconf 80' lang='lat' dir='ltr'>Cappadocia,</span> 
     </span>
     <span class='ocr_line' id='line_1_17' title="bbox 41 1371 838 1445; baseline 0.003 -18"><span class='ocrx_word' id='word_1_122' title='bbox 41 1373 87 1427; x_wconf 91' lang='lat' dir='ltr'>his</span> <span class='ocrx_word' id='word_1_123' title='bbox 107 1371 178 1444; x_wconf 82' lang='lat' dir='ltr'>iugis</span> <span class='ocrx_word' id='word_1_124' title='bbox 192 1373 317 1438; x_wconf 87' lang='lat' dir='ltr'>subiecta,</span> <span class='ocrx_word' id='word_1_125' title='bbox 341 1389 466 1445; x_wconf 85' lang='lat' dir='ltr'>magnam</span> <span class='ocrx_word' id='word_1_126' title='bbox 484 1381 645 1427; x_wconf 86' lang='lat' dir='ltr'>commeatus</span> <span class='ocrx_word' id='word_1_127' title='bbox 663 1375 764 1444; x_wconf 80' lang='lat' dir='ltr'>aopiam</span> <span class='ocrx_word' id='word_1_128' title='bbox 783 1383 838 1430; x_wconf 87' lang='lat' dir='ltr'>arat</span> 
     </span>
    </p>

    <p class='ocr_par' dir='ltr' id='par_1_5' title="bbox 8 1445 839 1968">
     <span class='ocr_line' id='line_1_18' title="bbox 43 1445 288 1502; baseline 0.004 -1"><span class='ocrx_word' id='word_1_129' title='bbox 43 1445 288 1502; x_wconf 78' lang='lat' dir='ltr'>subministratum.</span> 
     </span>
     <span class='ocr_line' id='line_1_19' title="bbox 8 1515 837 1593; baseline 0.004 -18"><span class='ocrx_word' id='word_1_130' title='bbox 8 1515 9 1534; x_wconf 64' lang='lat'>¹</span> <span class='ocrx_word' id='word_1_131' title='bbox 98 1521 224 1578; x_wconf 88' lang='lat' dir='ltr'>XXXVI.</span> <span class='ocrx_word' id='word_1_132' title='bbox 245 1519 399 1592; x_wconf 85' lang='lat' dir='ltr'>Complures</span> <span class='ocrx_word' id='word_1_133' title='bbox 415 1520 520 1576; x_wconf 88' lang='lat' dir='ltr'>interim</span> <span class='ocrx_word' id='word_1_134' title='bbox 534 1519 675 1593; x_wconf 82' lang='lat' dir='ltr'>legationes</span> <span class='ocrx_word' id='word_1_135' title='bbox 693 1521 837 1578; x_wconf 86' lang='lat' dir='ltr'>Phemaoes</span> 
     </span>
     <span class='ocr_line' id='line_1_20' title="bbox 41 1595 838 1669; baseline 0 -17"><span class='ocrx_word' id='word_1_136' title='bbox 41 1595 77 1652; x_wconf 86' lang='lat' dir='ltr'>ad</span> <span class='ocrx_word' id='word_1_137' title='bbox 98 1595 243 1651; x_wconf 89' lang='lat' dir='ltr'>Domitium</span> <span class='ocrx_word' id='word_1_138' title='bbox 262 1595 351 1659; x_wconf 83' lang='lat' dir='ltr'>mittit,</span> <span class='ocrx_word' id='word_1_139' title='bbox 372 1595 485 1667; x_wconf 83' lang='lat' dir='ltr'>quaeda</span> <span class='ocrx_word' id='word_1_140' title='bbox 502 1612 564 1666; x_wconf 89' lang='lat' dir='ltr'>paoe</span> <span class='ocrx_word' id='word_1_141' title='bbox 578 1602 692 1668; x_wconf 78' lang='lat' dir='ltr'>egerant,</span> <span class='ocrx_word' id='word_1_142' title='bbox 713 1597 838 1669; x_wconf 80' lang='lat' dir='ltr'>regiaque</span> 
     </span>
     <span class='ocr_line' id='line_1_21' title="bbox 9 1660 839 1748; baseline -0.001 -23"><span class='ocrx_word' id='word_1_143' title='bbox 9 1733 10 1748; x_wconf 12' lang='grc' dir='ltr'>χ</span> <span class='ocrx_word' id='word_1_144' title='bbox 30 1660 156 1725; x_wconf 72' lang='lat' dir='ltr'>&#39;munera</span> <span class='ocrx_word' id='word_1_145' title='bbox 165 1669 390 1726; x_wconf 88' lang='lat' dir='ltr'>Domitioierrent.</span> <span class='ocrx_word' id='word_1_146' title='bbox 415 1670 453 1724; x_wconf 85' lang='lat' dir='ltr'>Ee</span> <span class='ocrx_word' id='word_1_147' title='bbox 467 1677 613 1727; x_wconf 80' lang='lat' dir='ltr'>oonstenter</span> <span class='ocrx_word' id='word_1_148' title='bbox 626 1670 715 1726; x_wconf 86' lang='lat' dir='ltr'>omnia</span> <span class='ocrx_word' id='word_1_149' title='bbox 729 1671 839 1742; x_wconf 85' lang='lat' dir='ltr'>adspar-</span> 
     </span>
     <span class='ocr_line' id='line_1_22' title="bbox 9 1744 839 1816; baseline 0.001 -16"><span class='ocrx_word' id='word_1_150' title='bbox 9 1759 10 1768; x_wconf 74' lang='grc'>’</span> <span class='ocrx_word' id='word_1_151' title='bbox 43 1744 166 1807; x_wconf 82' lang='lat' dir='ltr'>nabetur,</span> <span class='ocrx_word' id='word_1_152' title='bbox 187 1744 281 1798; x_wconf 80' lang='lat' dir='ltr'>nasibi</span> <span class='ocrx_word' id='word_1_153' title='bbox 287 1748 426 1814; x_wconf 72' lang='lat' dir='ltr'>quidquam</span> <span class='ocrx_word' id='word_1_154' title='bbox 434 1750 490 1814; x_wconf 77' lang='lat' dir='ltr'>sora</span> <span class='ocrx_word' id='word_1_155' title='bbox 499 1750 640 1814; x_wconf 76' lang='lat' dir='ltr'>antiquius,</span> <span class='ocrx_word' id='word_1_156' title='bbox 654 1763 737 1815; x_wconf 71' lang='lat' dir='ltr'>auom</span> <span class='ocrx_word' id='word_1_157' title='bbox 752 1749 839 1816; x_wconf 62' lang='lat' dir='ltr'>dipns·</span> 
     </span>
     <span class='ocr_line' id='line_1_23' title="bbox 44 1817 837 1888; baseline -0.001 -12"><span class='ocrx_word' id='word_1_158' title='bbox 44 1829 124 1876; x_wconf 83' lang='lat' dir='ltr'>totam</span> <span class='ocrx_word' id='word_1_159' title='bbox 139 1820 231 1887; x_wconf 78' lang='lat' dir='ltr'>papali</span> <span class='ocrx_word' id='word_1_160' title='bbox 248 1817 356 1874; x_wconf 82' lang='lat' dir='ltr'>Romani</span> <span class='ocrx_word' id='word_1_161' title='bbox 377 1827 401 1873; x_wconf 85' lang='lat' dir='ltr'>at</span> <span class='ocrx_word' id='word_1_162' title='bbox 422 1837 504 1887; x_wconf 71' lang='lat' dir='ltr'>repam</span> <span class='ocrx_word' id='word_1_163' title='bbox 522 1825 652 1876; x_wconf 68' lang='lat' dir='ltr'>sociassem</span> <span class='ocrx_word' id='word_1_164' title='bbox 673 1837 837 1888; x_wconf 79' lang='lat' dir='ltr'>recuperare,</span> 
     </span>
     <span class='ocr_line' id='line_1_24' title="bbox 43 1891 838 1968; baseline 0.001 -18"><span class='ocrx_word' id='word_1_165' title='bbox 43 1893 137 1968; x_wconf 81' lang='lat' dir='ltr'>legatis</span> <span class='ocrx_word' id='word_1_166' title='bbox 159 1891 339 1964; x_wconf 87' lang='lat' dir='ltr'>respondebat.</span> <span class='ocrx_word' id='word_1_167' title='bbox 377 1893 480 1966; x_wconf 79' lang='lat' dir='ltr'>Magnis</span> <span class='ocrx_word' id='word_1_168' title='bbox 501 1901 527 1948; x_wconf 90' lang='lat' dir='ltr'>et</span> <span class='ocrx_word' id='word_1_169' title='bbox 546 1894 677 1950; x_wconf 87' lang='lat' dir='ltr'>oontinuis</span> <span class='ocrx_word' id='word_1_170' title='bbox 698 1894 838 1952; x_wconf 78' lang='lat' dir='ltr'>itineribus</span> 
     </span>
    </p>

    <p class='ocr_par' dir='ltr' id='par_1_6' title="bbox 9 1966 883 2342">
     <span class='ocr_line' id='line_1_25' title="bbox 42 1966 838 2049; baseline 0.001 -23"><span class='ocrx_word' id='word_1_171' title='bbox 42 1966 176 2033; x_wconf 78' lang='lat' dir='ltr'>coniectis,</span> <span class='ocrx_word' id='word_1_172' title='bbox 194 1984 279 2040; x_wconf 76' lang='lat' dir='ltr'>quiam</span> <span class='ocrx_word' id='word_1_173' title='bbox 293 1967 443 2024; x_wconf 76' lang='lat' dir='ltr'>adventaret</span> <span class='ocrx_word' id='word_1_174' title='bbox 458 1967 491 2022; x_wconf 87' lang='lat' dir='ltr'>ad</span> <span class='ocrx_word' id='word_1_175' title='bbox 500 1968 656 2040; x_wconf 77' lang='lat' dir='ltr'>Nicopolim,</span> <span class='ocrx_word' id='word_1_176' title='bbox 671 1969 838 2049; x_wconf 77' lang='lat' dir='ltr'>(quodoppi-</span> 
     </span>
     <span class='ocr_line' id='line_1_26' title="bbox 9 2037 835 2117; baseline 0.006 -18"><span class='ocrx_word' id='word_1_177' title='bbox 9 2037 10 2048; x_wconf 47' lang='lat'>¹</span> <span class='ocrx_word' id='word_1_178' title='bbox 44 2045 109 2100; x_wconf 87' lang='lat' dir='ltr'>dum</span> <span class='ocrx_word' id='word_1_179' title='bbox 119 2043 233 2116; x_wconf 89' lang='lat' dir='ltr'>positum</span> <span class='ocrx_word' id='word_1_180' title='bbox 243 2043 270 2098; x_wconf 93' lang='lat' dir='ltr'>in</span> <span class='ocrx_word' id='word_1_181' title='bbox 281 2043 405 2100; x_wconf 80' lang='lat' dir='ltr'>Armenia</span> <span class='ocrx_word' id='word_1_182' title='bbox 415 2042 516 2100; x_wconf 87' lang='lat' dir='ltr'>minore</span> <span class='ocrx_word' id='word_1_183' title='bbox 524 2052 572 2108; x_wconf 80' lang='lat' dir='ltr'>est,</span> <span class='ocrx_word' id='word_1_184' title='bbox 583 2043 662 2115; x_wconf 83' lang='lat' dir='ltr'>plano</span> <span class='ocrx_word' id='word_1_185' title='bbox 671 2045 759 2117; x_wconf 88' lang='lat' dir='ltr'>ipsum</span> <span class='ocrx_word' id='word_1_186' title='bbox 769 2045 835 2113; x_wconf 81' lang='lat' dir='ltr'>loeo,</span> 
     </span>
     <span class='ocr_line' id='line_1_27' title="bbox 9 2117 848 2190; baseline 0.002 -17"><span class='ocrx_word' id='word_1_187' title='bbox 9 2185 10 2190; x_wconf 7' lang='grc' dir='ltr'>ἵ</span> <span class='ocrx_word' id='word_1_188' title='bbox 45 2118 178 2174; x_wconf 91' lang='lat' dir='ltr'>montibus</span> <span class='ocrx_word' id='word_1_189' title='bbox 190 2125 276 2174; x_wconf 66' lang='lat' dir='ltr'>amen</span> <span class='ocrx_word' id='word_1_190' title='bbox 286 2117 387 2175; x_wconf 87' lang='lat' dir='ltr'>aitisab</span> <span class='ocrx_word' id='word_1_191' title='bbox 395 2119 500 2174; x_wconf 89' lang='lat' dir='ltr'>duobus</span> <span class='ocrx_word' id='word_1_192' title='bbox 511 2118 635 2175; x_wconf 82' lang='lat' dir='ltr'>lataribus</span> <span class='ocrx_word' id='word_1_193' title='bbox 644 2120 760 2186; x_wconf 80' lang='lat' dir='ltr'>obiectis,</span> <span class='ocrx_word' id='word_1_194' title='bbox 773 2123 848 2176; x_wconf 38' lang='lat' dir='ltr'>satis*</span> 
     </span>
     <span class='ocr_line' id='line_1_28' title="bbox 45 2193 883 2269; baseline 0.007 -23"><span class='ocrx_word' id='word_1_195' title='bbox 45 2193 838 2269; x_wconf 79' lang='lat' dir='ltr'>magnointervalloahoppidoremotis‚)oestraposuitlonga</span> <span class='ocrx_word' id='word_1_196' title='bbox 880 2254 883 2258; x_wconf 79' lang='grc'><strong>,</strong></span> 
     </span>
     <span class='ocr_line' id='line_1_29' title="bbox 47 2265 837 2342; baseline 0.001 -20"><span class='ocrx_word' id='word_1_197' title='bbox 47 2285 61 2322; x_wconf 91' lang='lat' dir='ltr'>a</span> <span class='ocrx_word' id='word_1_198' title='bbox 77 2265 193 2337; x_wconf 88' lang='lat' dir='ltr'>Niaopoli</span> <span class='ocrx_word' id='word_1_199' title='bbox 205 2268 304 2324; x_wconf 84' lang='lat' dir='ltr'>airaitar</span> <span class='ocrx_word' id='word_1_200' title='bbox 317 2269 401 2326; x_wconf 85' lang='lat' dir='ltr'>miliia</span> <span class='ocrx_word' id='word_1_201' title='bbox 413 2286 541 2340; x_wconf 82' lang='lat' dir='ltr'>passuum</span> <span class='ocrx_word' id='word_1_202' title='bbox 554 2277 661 2342; x_wconf 84' lang='lat' dir='ltr'>septem.</span> <span class='ocrx_word' id='word_1_203' title='bbox 685 2270 790 2337; x_wconf 87' lang='lat' dir='ltr'>Quibus</span> <span class='ocrx_word' id='word_1_204' title='bbox 803 2287 837 2324; x_wconf 88' lang='lat' dir='ltr'>ex</span> 
     </span>
    </p>
   </div>
   <div class='ocr_carea' id='block_1_4' title="bbox 46 2339 958 2418">
    <p class='ocr_par' dir='ltr' id='par_1_7' title="bbox 46 2339 958 2418">
     <span class='ocr_line' id='line_1_30' title="bbox 46 2339 958 2418; baseline 0 -20"><span class='ocrx_word' id='word_1_205' title='bbox 46 2339 138 2398; x_wconf 87' lang='lat' dir='ltr'>castris</span> <span class='ocrx_word' id='word_1_206' title='bbox 157 2358 242 2413; x_wconf 87' lang='lat' dir='ltr'>quum</span> <span class='ocrx_word' id='word_1_207' title='bbox 260 2341 332 2398; x_wconf 86' lang='lat' dir='ltr'>locus</span> <span class='ocrx_word' id='word_1_208' title='bbox 352 2352 482 2418; x_wconf 79' lang='lat' dir='ltr'>angustus</span> <span class='ocrx_word' id='word_1_209' title='bbox 504 2349 583 2417; x_wconf 81' lang='lat' dir='ltr'>atqua</span> <span class='ocrx_word' id='word_1_210' title='bbox 604 2345 747 2416; x_wconf 87' lang='lat' dir='ltr'>impeditus</span> <span class='ocrx_word' id='word_1_211' title='bbox 768 2351 838 2398; x_wconf 87' lang='lat' dir='ltr'>asset</span> <span class='ocrx_word' id='word_1_212' title='bbox 945 2363 958 2386; x_wconf 90' lang='lat'><strong>·</strong></span> 
     </span>
    </p>
   </div>
   <div class='ocr_carea' id='block_1_5' title="bbox 10 2415 838 2717">
    <p class='ocr_par' dir='ltr' id='par_1_8' title="bbox 10 2415 838 2717">
     <span class='ocr_line' id='line_1_31' title="bbox 46 2415 837 2490; baseline 0 -18"><span class='ocrx_word' id='word_1_213' title='bbox 46 2415 230 2481; x_wconf 81' lang='lat' dir='ltr'>transeundus,</span> <span class='ocrx_word' id='word_1_214' title='bbox 242 2417 386 2473; x_wconf 85' lang='lat' dir='ltr'>Pharnaoes</span> <span class='ocrx_word' id='word_1_215' title='bbox 396 2419 423 2474; x_wconf 87' lang='lat' dir='ltr'>in</span> <span class='ocrx_word' id='word_1_216' title='bbox 433 2419 537 2474; x_wconf 87' lang='lat' dir='ltr'>insidiis</span> <span class='ocrx_word' id='word_1_217' title='bbox 548 2419 658 2475; x_wconf 81' lang='lat' dir='ltr'>delectos</span> <span class='ocrx_word' id='word_1_218' title='bbox 668 2417 769 2490; x_wconf 80' lang='lat' dir='ltr'>pedites</span> <span class='ocrx_word' id='word_1_219' title='bbox 778 2433 837 2472; x_wconf 91' lang='lat' dir='ltr'>om-</span> 
     </span>
     <span class='ocr_line' id='line_1_32' title="bbox 47 2489 838 2566; baseline -0.003 -18"><span class='ocrx_word' id='word_1_220' title='bbox 47 2510 93 2548; x_wconf 86' lang='lat' dir='ltr'>nes</span> <span class='ocrx_word' id='word_1_221' title='bbox 113 2507 146 2546; x_wconf 93' lang='lat' dir='ltr'>ue</span> <span class='ocrx_word' id='word_1_222' title='bbox 159 2507 241 2562; x_wconf 85' lang='lat' dir='ltr'>paene</span> <span class='ocrx_word' id='word_1_223' title='bbox 250 2489 379 2562; x_wconf 83' lang='lat' dir='ltr'>disposuit</span> <span class='ocrx_word' id='word_1_224' title='bbox 392 2493 506 2565; x_wconf 87' lang='lat' dir='ltr'>equitas:</span> <span class='ocrx_word' id='word_1_225' title='bbox 529 2511 653 2566; x_wconf 80' lang='lat' dir='ltr'>megaera</span> <span class='ocrx_word' id='word_1_226' title='bbox 667 2499 755 2548; x_wconf 81' lang='lat' dir='ltr'>autem</span> <span class='ocrx_word' id='word_1_227' title='bbox 765 2493 838 2547; x_wconf 89' lang='lat' dir='ltr'>mul-</span> 
     </span>
     <span class='ocr_line' id='line_1_33' title="bbox 47 2510 837 2640; baseline -0.001 -19"><span class='ocrx_word' id='word_1_228' title='bbox 47 2510 186 2623; x_wconf 74' lang='lat' dir='ltr'>titudinem</span> <span class='ocrx_word' id='word_1_229' title='bbox 195 2566 295 2637; x_wconf 87' lang='lat' dir='ltr'>pecoris</span> <span class='ocrx_word' id='word_1_230' title='bbox 309 2567 377 2622; x_wconf 87' lang='lat' dir='ltr'>intra</span> <span class='ocrx_word' id='word_1_231' title='bbox 390 2585 434 2622; x_wconf 85' lang='lat' dir='ltr'>eas</span> <span class='ocrx_word' id='word_1_232' title='bbox 447 2567 535 2622; x_wconf 86' lang='lat' dir='ltr'>iauoes</span> <span class='ocrx_word' id='word_1_233' title='bbox 544 2568 667 2639; x_wconf 88' lang='lat' dir='ltr'>dissipari</span> <span class='ocrx_word' id='word_1_234' title='bbox 677 2567 768 2635; x_wconf 83' lang='lat' dir='ltr'>iussit;</span> <span class='ocrx_word' id='word_1_235' title='bbox 789 2583 837 2640; x_wconf 89' lang='lat' dir='ltr'>pa·</span> 
     </span>
     <span class='ocr_line' id='line_1_34' title="bbox 10 2639 837 2717; baseline 0 -19"><span class='ocrx_word' id='word_1_236' title='bbox 10 2669 11 2672; x_wconf 37' lang='lat'>¹</span> <span class='ocrx_word' id='word_1_237' title='bbox 49 2659 181 2717; x_wconf 68' lang='lat' dir='ltr'>panosque</span> <span class='ocrx_word' id='word_1_238' title='bbox 194 2649 219 2696; x_wconf 89' lang='lat' dir='ltr'>et</span> <span class='ocrx_word' id='word_1_239' title='bbox 232 2639 377 2716; x_wconf 82' lang='lat' dir='ltr'>oppidanos</span> <span class='ocrx_word' id='word_1_240' title='bbox 391 2642 418 2698; x_wconf 91' lang='lat' dir='ltr'>in</span> <span class='ocrx_word' id='word_1_241' title='bbox 433 2643 466 2698; x_wconf 90' lang='lat' dir='ltr'>iis</span> <span class='ocrx_word' id='word_1_242' title='bbox 480 2643 543 2698; x_wconf 84' lang='lat' dir='ltr'>loeis</span> <span class='ocrx_word' id='word_1_243' title='bbox 557 2642 703 2700; x_wconf 77' lang='lat' dir='ltr'>obversam:</span> <span class='ocrx_word' id='word_1_244' title='bbox 720 2650 763 2709; x_wconf 59' lang='lat' dir='ltr'>⁴nt,</span> <span class='ocrx_word' id='word_1_245' title='bbox 780 2642 837 2698; x_wconf 89' lang='lat' dir='ltr'>sive</span> 
     </span>
    </p>
   </div>
   <div class='ocr_carea' id='block_1_6' title="bbox 0 0 1036 3004">
    <p class='ocr_par' dir='ltr' id='par_1_9' title="bbox 0 0 1036 3004">
     <span class='ocr_line' id='line_1_35' title="bbox 0 0 1036 3004; baseline 0 0"><span class='ocrx_word' id='word_1_246' title='bbox 0 0 1036 3004; x_wconf 95' lang='lat' dir='ltr'> </span> 
     </span>
    </p>
   </div>
  </div>
 </body>
</html>
