2072 2998
171 141 220 196 tso
369 145 419 194 uu
441 123 565 193 sunno
589 147 759 195 eaunrco

169 253 271 312 montis,
281 261 432 301 mnmnrar
441 249 529 314 oppidi
539 249 791 314 tordnrepotnieaet5
812 255 886 302 tanto
895 265 972 316 opere

170 326 302 378 licentiam
317 324 549 390 odropontiomqae
562 323 753 388 reprehendere,
775 324 844 392 quod
854 325 920 389 plue
934 339 970 386 ee,

169 413 248 467 quom
256 400 446 464 imperatorem,
464 397 496 448 de
507 396 620 450 victoria
633 402 712 462 utque
724 398 799 450 enlin
808 411 899 450 rerum
911 411 970 450 eorr-

170 477 220 527 tire
232 474 428 525 existimarent:
447 484 494 524 nec
506 470 594 522 minae
606 485 634 522 oe
646 472 676 522 in
688 471 772 524 milite
783 471 938 526 modoetiam
947 478 972 523 et

169 547 360 608 continentiam,
372 557 450 614 quom
458 546 580 597 oietutm
588 550 667 611 atque
675 545 760 596 enimi
766 547 972 611 mapnltodinen

169 623 327 674 desiderare.

224 691 292 746 Llll.
312 687 969 746 Haehehitaoouciuneetadextremamorationem

169 763 331 821 mnfirmatis
340 762 479 826 militibus,
488 779 521 816 ne
529 766 560 817 od
569 765 636 817 lonc
646 768 858 821 commonitae
864 779 970 832 permo-

168 848 298 900 ementur,
318 854 376 899 nen,
396 839 661 905 qnodiniquitaelool
673 840 817 900 adtulisset,
836 840 970 892 idoirtnti

168 913 442 977 matemautensem
461 909 553 964 eadem
562 910 595 966 de
605 908 970 982 proiectioneoogiteus,quee

168 993 229 1041 ente
238 989 362 1047 senserat,
383 981 499 1055 legiones
508 1001 543 1038 en
552 985 644 1038 castris
658 983 751 1039 eduxit
764 983 902 1055 aciemque
911 984 970 1040 ido·

168 1075 218 1114 neo
234 1057 288 1112 loco
301 1056 445 1112 constituit.
465 1057 555 1123 Quum
568 1057 764 1130 Vercingetorix
778 1052 864 1113 nihilo
947 1059 953 1070 '

168 1133 196 1187 in
208 1147 323 1204 aequum
333 1130 599 1196 locumdescenderet,
607 1131 659 1186 levi
669 1131 735 1202 lecto
743 1131 859 1203 equestri
868 1075 968 1203 pmrdeiid

168 1214 247 1278 etque
261 1223 292 1261 eo
305 1205 429 1269 secundo,
447 1205 475 1260 in
489 1212 572 1260 cestra
584 1206 728 1261 exereitum
743 1205 857 1262 reduxit.
876 1205 968 1272 Quum

168 1280 219 1336 hoo
228 1279 297 1336 idem
307 1277 580 1352 posterodieiecisset,
598 1280 661 1336 satis
671 1277 843 1334 adGallieam
852 1287 968 1338 osenia·

169 1355 268 1409 tionem
283 1353 456 1409 minuendam
470 1353 640 1426 militumque
657 1354 760 1409 animos
772 1353 968 1410 confirmandos

168 1428 266 1484 iactum
285 1429 450 1493 existimans,
471 1428 497 1482 in
516 1427 621 1484 Aeduos
635 1434 718 1482 caetra
730 1427 823 1484 movit.
850 1428 891 1484 Ne
909 1435 968 1484 tum

168 1503 278 1576 quidem
288 1503 414 1558 insecutis
423 1502 553 1576 hostibus,
570 1502 644 1558 tertio
654 1501 698 1556 die
711 1499 745 1556 ad
757 1500 857 1558 flumen
871 1501 968 1562 Elaver

168 1586 275 1650 pontem
286 1577 376 1633 reiecit
386 1585 465 1648 atque
474 1577 619 1632 exercitum
628 1575 787 1632 transduxit.

223 1653 290 1708 LIV.
310 1647 969 1722 lbiuVirdnmaroatqueEporedirigededuisad

109 1749 112 1756 ·
167 1725 290 1799 peilatus,
306 1725 392 1788 discit,
405 1741 466 1778 cum
480 1725 554 1779 omni
563 1725 682 1797 equitatu
691 1724 840 1782 Litavicum
849 1723 969 1780 adsalli-

168 1800 286 1856 cilendos
298 1799 402 1854 Aeduos
411 1796 570 1868 proiectum:
591 1816 659 1871 opus
668 1815 733 1863 esse,
745 1805 771 1852 et
782 1796 855 1868 ipsos
864 1805 969 1854 anues-

167 1870 638 1929 dereadoonfirmandemcivitatem.
657 1873 713 1927 Etsi
723 1870 815 1926 mulus
825 1871 880 1928 iam
887 1873 968 1930 rebus

166 1947 305 2020 perfidiam
316 1944 467 2000 Aeduorum
477 1955 639 2016 perspectam
649 1946 769 2006 habebat,
780 1952 861 2016 etque
870 1946 969 2004 horum

167 2021 286 2075 discessu
299 2018 459 2073 admaturari
472 2018 642 2076 deiectionem
655 2021 768 2078 civitatis
779 2020 967 2078 existimabat:

166 2101 255 2149 tamen
266 2108 311 2146 eos
320 2091 469 2147 retinendos
479 2110 532 2148 nou
546 2095 657 2159 censuit,
679 2111 712 2149 na
726 2101 772 2150 aut
784 2092 883 2150 inferre
897 2095 971 2150 iniu-

167 2168 235 2222 riam
244 2165 386 2228 videretur,
399 2175 444 2221 eut
457 2166 520 2222 dare
534 2167 636 2224 timoris
648 2167 766 2240 aliquem
775 2168 969 2239 suspicionem.

167 2240 367 2297 Discedentibus
380 2240 424 2294 his
437 2241 551 2296 breviter
562 2260 611 2298 sua
626 2243 654 2296 in
664 2241 769 2296 Aeduos
782 2243 877 2298 merite
886 2260 971 2316 expo-

167 2317 221 2373 nit:
243 2333 306 2387 quoe
318 2325 343 2371 et
351 2333 430 2386 quam
439 2318 548 2370 lumilas
560 2321 715 2384 accepisset,
724 2319 868 2384 compulsos
880 2322 911 2373 in
923 2335 971 2387 op·

164 2396 240 2461 pido,
261 2393 384 2446 multatos
396 2394 478 2459 apris,
498 2393 615 2444 omnibus
629 2394 723 2456 neptia
736 2393 827 2458 copiis,
848 2395 971 2460 imposito

167 2469 304 2534 stipendio,
319 2466 449 2520 obsidibus
457 2480 558 2518 summo
567 2481 625 2518 oum
635 2466 789 2518 contumelio
798 2470 926 2522 emtortie:
945 2475 972 2520 et

168 2556 246 2607 quom
256 2543 284 2594 ln
292 2544 432 2610 fortunam,
447 2554 575 2607 quumque
587 2541 617 2590 in
629 2540 825 2604 orsplitudlnem
841 2542 971 2594 dodwe-

167 2621 213 2675 ret,
228 2621 258 2667 ut
267 2615 410 2669 noneolum
419 2615 700 2681 inpeietinamatotum
709 2615 843 2676 redissent,
858 2617 905 2668 sed
914 2614 971 2668 om‘-
