2038 3000
186 154 235 211 122
386 159 421 206 a.
440 161 570 206 marn
585 161 635 206 un
652 159 777 206 nunno

184 260 500 406 Coimus
507 259 978 390 lllldllllltllildl

185 413 298 485 tutisque
305 411 419 474 haberet,
433 410 565 483 onguilum
576 417 653 474 osset,
669 409 810 465 Marcellus
821 419 913 466 oasim
925 412 979 464 Bra·

184 489 233 542 tim
242 485 371 550 transfert,
386 485 529 556 crebroque
536 492 647 556 uterque
655 483 771 558 lmioues
781 486 811 540 in
820 487 911 540 mem
924 486 979 540 odu-

185 563 232 630 oit3
263 577 349 634 neque
372 567 460 615 umen
478 558 628 632 oonlligitur
648 566 754 630 propter
772 558 900 616 looorum
918 561 980 615 dilli-

185 637 302 692 oultates.
787 649 793 654 ’

238 711 308 767 LXI.
328 711 391 765 Erat
398 709 480 780 oopiis
489 707 652 779 pedestribus
663 707 748 764 multo
756 709 866 764 firmior
878 711 980 766 Μαιω-

185 787 241 842 lus:
262 785 373 840 babebat
382 785 453 838 enirn
462 793 597 838 vetamnas
606 783 750 855 multisque
764 784 881 854 proeliis
894 803 980 857 exper-

172 871 226 922 ,tas
235 861 356 934 legiones.
366 859 474 914 Cassius
485 857 545 914 lidoi
555 859 648 932 magis¹
655 875 736 930 quam
742 860 838 914 virtuti
849 859 979 933 legionum

184 935 338 991 oonsrdebat.
358 935 458 1004 ltaque,
469 949 555 1004 quum
563 940 646 988 eastra
654 933 746 988 castris
755 932 854 988 oollata
864 944 980 990 essontal

184 1008 322 1067 Marcellus
330 1007 418 1062 locum
426 1007 551 1063 idoneum
563 1007 667 1062 eastallo
680 1007 801 1079 oopisset‚
821 1025 884 1080 quo
896 1010 980 1081 prohi-

184 1086 320 1155 bereaqua
331 1082 470 1138 Cassianos
477 1089 577 1155 posset3
599 1081 745 1155 Longinus,
759 1083 877 1149 veritus,
895 1103 931 1140 ne
942 1103 981 1158 ge·
1001 1099 1002 1130 ³

184 1175 245 1215 nore
253 1158 368 1230 quodam
377 1157 521 1213 obsidionis
530 1157 692 1214 clauderetur
705 1157 733 1212 in
747 1159 912 1232 regionibus
925 1160 982 1214 alie·

184 1235 226 1289 nis
236 1233 341 1306 sibique
349 1232 459 1298 infestis,
478 1241 557 1287 neom
568 1232 673 1287 silentio
684 1249 718 1287 ex
728 1233 823 1288 eastris
838 1235 982 1304 proficisci-

183 1318 227 1363 tur
238 1308 468 1380 oeleriquoitinore
478 1307 562 1362 Uliam
570 1306 716 1362 oeniandit·¹
740 1307 816 1379 quod
837 1309 895 1364 sibi
912 1310 981 1365 lidela

183 1399 239 1440 esee
248 1383 375 1456 oppidum
384 1383 511 1438 credebat
525 1383 565 1437 lbi
575 1382 638 1437 adso
647 1382 784 1437 ooniunota
794 1384 876 1454 ponit
884 1385 981 1440 moeni-

182 1461 234 1516 bus
243 1465 405 1523 (nostramet
414 1457 463 1512 looi
473 1456 767 1530 natura,(namquslllia
776 1456 891 1515 inedito
897 1467 981 1516 monte

181 1535 267 1608 posita
275 1534 334 1606 est)
354 1540 379 1588 et
389 1533 446 1605 ipsa
457 1533 604 1588 munitione
618 1532 692 1587 urbis
705 1532 826 1604 undique
843 1534 881 1590 ab
900 1552 981 1608 oppu-

182 1611 305 1684 gnatione
323 1615 396 1663 tutus
415 1615 491 1662 esset.
520 1608 596 1662 Hune
613 1606 751 1662 llaroellus
773 1608 935 1680 insequitur
952 1621 980 1673 et,

183 1701 264 1756 quarn
274 1685 393 1756 proximo
402 1689 485 1754 potest
495 1681 589 1747 Uliam,
604 1689 687 1737 eastra
699 1681 792 1736 eastris
807 1683 930 1746 eonion:
951 1687 981 1740 lo·

182 1774 326 1831 oorumqua
339 1759 441 1832 cognita
455 1764 556 1821 natura,
576 1773 631 1828 quo
643 1757 758 1812 maxime
776 1773 833 1812 rem
855 1759 982 1818 Munera

184 1834 294 1900 volebat,
311 1833 460 1888 neoessitate
469 1831 654 1896 estodduotus‚
674 1839 705 1886 ut
717 1849 805 1903 neque
817 1834 980 1909 confligeret

182 1909 346 1981 (ouiusairai
360 1907 468 1962 iaoultas
481 1915 556 1972 esset,
578 1907 696 1962 resistere
714 1907 829 1962 inoitatis
850 1911 982 1967 militibus

183 1997 236 2037 non
245 1982 363 2056 putenm)
373 1999 459 2054 nequo
466 1982 556 2056 vagari
566 1981 688 2038 Cassium
697 1980 776 2036 latius
785 1991 943 2054 pateretur-3
957 2001 983 2040 ne

182 2056 272 2130 plures
282 2057 398 2111 eivitatas
409 2073 439 2112 aa
451 2063 608 2128 paterentur,
624 2073 692 2130 quae
704 2057 777 2128 passi
790 2067 871 2114 erant
885 2061 983 2117 Cordu-
1001 2099 1002 2112 ,

182 2131 283 2186 banses.
309 2129 428 2186 Castellis
446 2131 547 2186 idoneis
560 2131 623 2188 loeis
640 2131 780 2198 oollooatis,
801 2135 984 2208 operibusqta

182 2206 211 2261 in
221 2201 331 2260 oirouitu
340 2206 430 2276 oppidi
439 2205 605 2271 continuatis,
628 2205 712 2262 Uliam
726 2205 914 2281 Cassiumque
929 2229 984 2265 mu-
1001 2247 1002 2250 =

183 2279 439 2337 ultionibusolausit.
459 2280 531 2347 Quae
539 2282 696 2354 priusquam
706 2281 910 2353 parfioerentur,
919 2287 984 2340 Lon·

182 2357 378 2430 giuusomnern
392 2371 472 2410 suum
492 2357 638 2428 equitatum
656 2356 755 2410 emisit:
781 2373 868 2428 quem
888 2377 984 2434 magno

182 2430 234 2484 sibi
243 2430 306 2485 usui
314 2428 368 2486 lore
382 2430 509 2495 eradebat,
525 2431 548 2484 si
558 2429 678 2502 pabulari
691 2429 909 2506 frumentarique
919 2437 983 2490 Mar·

183 2503 279 2558 oollam
292 2520 346 2558 non
359 2512 501 2575 puleiatum
522 2519 619 2575 magno
632 2512 720 2560 autam
738 2505 946 2583 impedimento,
965 2509 983 2564 si
1001 2531 1002 2562 l

183 2575 442 2706 qlemmtpmidione
459 2586 484 2633 et
498 2577 599 2632 inutilis
618 2579 794 2638 necessarium
813 2591 983 2639 oonsumerel
1001 2581 1002 2654 l

195 2662 287 2705 “emen
317 2667 355 2704 m.
682 2655 687 2671 ’
