2072 2998
174 133 235 186 ⁴36·
391 136 441 182 DE
463 135 587 181 BELLO
613 134 781 182 sabuco

172 239 203 293 ln
213 235 323 308 reliquis
332 235 402 292 vitae
410 235 538 306 institutis
547 234 598 289 boo
605 233 658 289 fere
666 233 700 287 ab
713 233 824 306 reliquis
836 234 967 303 differunt,

173 310 246 383 quod
258 326 321 366 suos
334 308 441 375 liberos,
461 309 514 364 nisi
529 326 614 381 quum
633 307 801 374 adoleverint,
822 317 853 364 ut
871 328 970 368 munus

172 385 284 441 militiae
294 384 424 440 sustinere
432 383 544 456 possint,
551 382 640 456 palam
649 382 798 438 adseadiro
804 400 859 439 non
866 386 970 456 patiun-

172 468 230 528 tur,
251 460 392 532 filiumque
402 457 498 530 puerili
514 465 596 512 aetate
608 458 637 512 in
651 455 768 529 publiea,
789 457 818 513 in
831 467 970 532 conspectu

174 535 265 608 patris,
277 534 411 599 adsistere,
423 541 501 604 turpe
509 531 617 586 dueunt.

228 609 302 665 XIX.
322 609 388 674 Viri,
400 614 513 680 quantm
523 606 647 679 pecunias
656 606 691 660 ab
701 605 831 662 uxoribus
841 607 911 662 dotis
924 626 969 664 no·

173 688 246 740 mine
255 690 418 755 aeceperunt,
433 688 519 736 tantae
528 680 723 747 ansuis-bonis,
740 682 920 738 aestimatione
933 683 970 738 la-

174 767 224 823 cta,
243 775 306 814 cum
315 757 421 813 dotibus
430 755 633 812 communicant.
652 755 739 810 Huius
748 756 837 811 omnis
846 759 971 828 pecuniae

174 832 336 888 ooniunotim
354 831 420 888 ratio
433 831 556 896 habebun-
573 829 728 902 fructusque
741 839 894 887 servantur:
914 841 971 886 uter

174 923 266 962 eorum
278 907 332 962 vita
341 907 480 979 superarit,
495 905 599 960 adeum
612 922 673 977 pars
687 904 827 976 utriusque
839 923 902 961 oum
917 905 970 962 iru-
1020 914 1021 918 ’

174 981 260 1036 atibus
269 981 435 1052 superiorum
446 989 593 1052 temporum
607 979 733 1051 pervenit.
753 979 809 1035 Viri
823 980 852 1034 in
864 998 968 1046 uxores,

173 1055 251 1110 sicuti
263 1055 291 1108 in
302 1055 405 1120 liberos,
421 1055 491 1111 vitae
502 1054 628 1126 necisque
635 1053 733 1109 babent
746 1061 916 1125 potestatem:
936 1065 968 1121 at,

174 1145 259 1201 quum
272 1135 344 1200 poter
363 1127 486 1194 familiae,
508 1128 649 1184 illustriore
668 1127 725 1182 loeo
743 1118 830 1194 nolus,
850 1128 968 1195 damasit,
1021 1102 1022 1172 l

174 1204 231 1259 aius
240 1203 384 1275 propinqui
393 1203 554 1258 conveniunt
562 1210 596 1264 et.
618 1203 651 1258 de
659 1209 742 1258 morta
750 1203 773 1256 si
784 1220 826 1258 res
842 1203 871 1258 in
883 1205 971 1276 suspi-

174 1278 276 1334 cionem
288 1277 368 1342 venit,
390 1276 423 1331 de
440 1277 570 1332 uxoribus
585 1277 614 1332 in
627 1276 749 1332 servilem
762 1277 874 1350 modum
892 1295 973 1351 quae·
1022 1290 1023 1336 l

174 1352 286 1407 ationem
295 1351 435 1417 behemot,
456 1352 480 1407 si
489 1358 652 1423 compertum
661 1358 709 1416 est.
730 1350 787 1424 igni
796 1359 878 1424 atque
886 1355 973 1408 omni·

173 1423 226 1482 bus
235 1427 371 1482 tormentis
382 1425 542 1482 excruciatas
552 1426 719 1482 interficiunt.
740 1425 843 1482 Funera
853 1436 919 1482 eunt
927 1445 973 1500 pm

100 1516 103 1526 ’
174 1502 249 1558 oultu
272 1501 410 1558 Gallorum
432 1502 572 1576 magnifica
590 1508 616 1556 et
636 1507 788 1566 sumtuosa;
818 1502 970 1574 omniaque,

174 1577 321 1650 quantivis
332 1578 404 1633 oordi
413 1575 495 1632 fuisse
508 1575 677 1638 arbitrantur,
698 1575 726 1629 in
741 1574 831 1647 ignem
846 1573 971 1642 inierunt,

174 1653 254 1708 etiam
263 1649 401 1721 animalia;
423 1669 453 1706 ao
461 1650 551 1722 paullo
561 1667 641 1722 supra
650 1648 719 1704 hanc
733 1649 889 1705 memoriam
903 1652 974 1706 servi

174 1733 200 1780 et
208 1727 324 1792 clientes,
373 1743 403 1781 os
411 1727 445 1780 ab
455 1727 488 1780 iis
498 1724 605 1780 dilectos
613 1740 671 1779 esse
679 1723 824 1789 constabat,
841 1724 920 1780 iustis
932 1725 975 1782 lu-

174 1801 283 1856 neribus
293 1818 342 1856 oon
353 1801 425 1866 eabe,
437 1819 491 1856 una
500 1799 692 1856 cremabantur.

228 1875 290 1930 XX.
309 1874 383 1941 Quae
399 1875 517 1931 civitates
530 1873 695 1930 commodius
712 1889 789 1928 suam
807 1890 865 1928 rem
884 1873 974 1946 publi-

174 1963 232 2001 cam
251 1947 435 2004 administrare
452 1949 650 2014 existimantur,
670 1947 769 2003 babent
788 1946 894 2021 legibus
913 1967 975 2004 san-

174 2029 255 2085 ctum,
272 2021 296 2074 si
306 2022 368 2092 quis
377 2022 444 2093 quid
453 2021 486 2076 de
498 2039 528 2076 re
541 2021 647 2093 publica
661 2039 677 2076 a
691 2021 811 2076 finitimis
825 2032 934 2079 rumore
946 2040 975 2078 ao

174 2093 243 2149 lama
258 2095 392 2165 aooeperit‚
408 2095 448 2150 uti
461 2095 495 2150 ad
504 2096 687 2169 magistratum
701 2094 806 2162 dolorm,
831 2114 975 2154 nevaeum

174 2183 228 2240 quo
237 2166 289 2223 alio
300 2169 489 2226 eommunioet:
510 2170 583 2242 quod
596 2187 674 2242 saepe
686 2167 807 2225 homines
822 2175 975 2228 temerarios

174 2249 253 2315 atque
271 2241 405 2314 imperitos
422 2241 496 2298 falsis
514 2245 667 2300 rumoribus
686 2244 775 2299 terreri
788 2251 813 2299 et
827 2245 976 2303 adlaoinus

173 2316 274 2390 impelli
285 2325 311 2372 et
319 2317 352 2372 de
360 2318 475 2373 summis
485 2318 564 2374 rebus
578 2317 720 2374 eonsilium
733 2335 823 2390 capere
837 2321 977 2394 eognitum

174 2399 223 2448 est.
243 2392 420 2466 Magistratus,
442 2409 511 2464 quae
524 2392 582 2448 visa
592 2399 664 2456 sunt,
685 2391 828 2462 oecultant;
853 2411 977 2468 quaeque

174 2483 232 2521 esse
249 2483 284 2522 ex
302 2483 356 2523 usu
373 2466 556 2532 iudioaverint‚
568 2463 732 2520 multitudini
745 2466 872 2538 produnt.
895 2471 934 2525 De
950 2486 978 2524 ro

174 2539 281 2610 publica
290 2541 343 2596 nisi
353 2558 400 2614 per
408 2540 549 2597 concilium
558 2539 633 2611 loqui
641 2555 695 2598 aon
705 2539 866 2596 oonooditur.

229 2613 306 2672 XXI.
326 2615 452 2674 &amani
461 2614 577 2680 multum
587 2614 621 2671 ab
635 2613 685 2670 boo
695 2614 887 2672 eonsuetudme
900 2616 978 2673 diffo-
