2072 2998
176 149 224 204 ΠΟ
375 157 425 202 DE
446 155 570 202 BELLO
594 153 761 200 GALLICO

175 275 209 312 na
217 255 342 311 maiorem
351 255 454 310 aestatis
462 263 562 326 partem
574 253 682 309 flumine
691 253 876 325 impediretur;
896 255 971 326 quod
1007 284 1008 304 i

175 347 229 386 non
247 329 300 385 lere
315 337 375 384 ante
392 337 549 384 autumnum
567 327 661 383 Elaver
678 327 746 382 vado
764 329 872 382 transiri
892 329 970 384 solet.
1008 376 1009 394 ,

175 406 274 476 Inque,
295 421 329 458 ne
342 404 369 458 id
381 404 514 468 accideret,
535 402 647 458 silvestri
662 401 717 457 loeo
726 403 818 456 cestris
830 403 938 474 positis,
956 421 972 458 c
1009 466 1010 486 χ

176 480 282 554 regione
290 478 371 533 unius
384 495 475 533 eorum
488 478 617 548 pontium,
633 493 701 548 quos
715 477 916 548 Vercingetorix
930 495 970 532 re·

176 553 331 610 scindendos
340 549 969 625 curaverat,postemdieoumduabuslegionibus
1010 557 1011 570 ¹

176 631 205 684 in
214 627 314 683 occulto
325 627 431 694 restitit3
452 625 565 697 reliquas
575 625 735 696 eopiascum
745 626 873 680 omnibus
884 628 969 698 impe-

176 703 309 767 dimentis,
330 709 361 756 ut
371 706 547 764 consueverat,
569 699 649 764 misit,
670 700 753 770 captis
767 697 892 776 [quartis]
908 702 969 774 qui·

176 778 280 849 busque
297 775 461 835 cohortibus.
493 775 533 829 uti
550 790 677 828 numerus
695 773 828 846 legionum
849 785 969 830 constare

177 852 315 908 videretur.
334 850 390 914 His,
401 867 481 921 quam
492 847 644 921 longissime
652 855 766 919 possent,
778 850 904 922 progredi
914 851 969 905 ius-

177 927 223 990 sis,
244 942 329 997 quum
340 925 391 980 iem
401 941 433 978 ex
442 923 495 978 diei
504 930 618 994 tempore
626 923 799 978 coniecturam
810 933 925 995 caperet,
940 926 972 978 in·

177 1007 259 1054 castra
267 1008 430 1071 perventum,
442 996 776 1068 iisdemsublicis‚quarum
789 1013 852 1068 pars
861 997 969 1054 inferior

178 1073 277 1146 integre
296 1073 457 1137 remanebat,
478 1079 584 1144 pontem
602 1071 705 1127 reiioere
721 1073 815 1142 coepit.
844 1071 969 1128 Celeriter
1016 1108 1017 1126 r

177 1147 264 1202 efferto
277 1164 353 1220 opera
366 1146 566 1221 legionibusque
578 1146 744 1211 transductis,
764 1154 790 1200 et
804 1145 862 1202 loco
876 1149 968 1204 castris
1017 1200 1018 1216 ¹

177 1221 270 1276 idoneo
278 1220 382 1287 delecto,
394 1221 508 1294 reliquae
516 1221 748 1292 oopiasrevecavit.
758 1220 965 1296 Vercingetorix,
1018 1292 1019 1296 ἵ

177 1296 325 1368 recognita,
338 1303 463 1350 decontra
474 1313 550 1365 suem
559 1295 719 1351 voluntatem
728 1295 853 1351 dimicare
862 1314 968 1372 cogere-

176 1377 229 1434 tur,
241 1370 345 1442 magnis
353 1369 490 1425 itineribus
499 1370 643 1425 antecessit.
1019 1384 1020 1420 1

231 1444 355 1500 XXXVI.
376 1445 470 1501 Caesar
482 1462 516 1500 ex
529 1461 559 1500 ec
573 1443 629 1500 leco
646 1443 746 1516 quintis
760 1444 852 1498 castris
865 1445 968 1520 Gergo-
1019 1441 1021 1516 ζ

177 1519 248 1574 viam
264 1520 389 1592 pervenit,
408 1521 575 1592 equestrique
591 1517 689 1590 proelio
706 1535 737 1574 eo
755 1518 798 1573 die
815 1518 869 1574 levi
888 1519 964 1586 laeto,

177 1603 311 1666 lerspecte
319 1595 393 1650 urbis
404 1595 466 1659 situ,
486 1611 562 1666 quac,
585 1593 669 1665 posita
682 1594 710 1647 in
723 1589 852 1648 altissimo
865 1603 964 1661 monte,

177 1671 264 1724 omnis
274 1670 360 1726 editus
368 1668 487 1724 difficiles
497 1667 616 1734 babebat,
628 1667 661 1722 de
671 1667 864 1740 expugnatione
874 1669 967 1742 despe-

178 1744 259 1812 ravit;
284 1744 317 1798 de
335 1743 486 1798 obsessione
503 1759 555 1798 non
576 1743 650 1814 prius
670 1741 802 1815 egendum
819 1744 963 1808 constituit,

177 1834 258 1889 quem
267 1834 322 1872 rem
332 1816 527 1872 frumentariam
541 1817 693 1889 exqedisset.
712 1816 746 1870 At
759 1817 967 1891 Vercingetorix,-

177 1891 268 1945 cestris
281 1907 362 1963 prope
378 1890 506 1963 oppidum
525 1891 552 1946 in
566 1899 653 1946 monte
668 1891 768 1962 positis,
789 1891 965 1948 mediocribus

177 1965 276 2019 circum
289 1981 318 2019 se
336 1963 478 2020 intervallis
495 1966 633 2036 separatim
652 1964 817 2038 singularum
828 1967 965 2023 civitatum

178 2039 265 2108 copias
278 2037 458 2102 mllcoeverat;
479 2045 558 2110 atque
571 2029 695 2094 omnibiis
708 2039 765 2093 eius
778 2040 835 2112 iugi
853 2041 965 2097 collibus

177 2113 317 2183 occupatis,
324 2129 376 2183 qua
386 2111 483 2184 despici
494 2121 601 2185 poterat,
608 2113 759 2168 horribilem
769 2115 883 2184 speciem
892 2133 966 2188 prae-

177 2186 267 2242 bebat:
297 2186 480 2258 principesque
496 2204 587 2242 earum
605 2189 754 2251 civitatum,
774 2204 842 2259 quos
861 2191 914 2245 sibi
933 2191 966 2246 ad

177 2261 317 2318 consilium
326 2261 482 2333 capiendum
494 2261 631 2336 delegerat,
645 2261 730 2334 prime
740 2260 798 2317 luce
806 2264 925 2334 quotidie
933 2265 965 2320 ed

178 2356 206 2393 se
220 2336 325 2392 iubebat
338 2335 490 2402 convenire,
507 2353 554 2392 seu
567 2336 634 2409 quid
645 2335 905 2405 communicandum,
918 2357 965 2394 seu

178 2411 244 2484 quid
253 2411 490 2468 administrandum
499 2410 643 2465 videretur:
654 2409 830 2482 nequeuilum
839 2411 964 2468 lerediem

177 2486 371 2552 intermittebat,
387 2485 453 2558 quin
462 2485 576 2558 equestri
584 2483 695 2555 proelio,
710 2484 850 2540 interiectis
859 2489 966 2560 sagitte-

177 2561 233 2623 riis,
253 2561 320 2632 quid
332 2562 360 2616 in
374 2577 480 2634 quoque
493 2566 560 2616 esset
573 2557 654 2612 animi
675 2575 705 2613 ac
720 2559 823 2614 virtutis
842 2577 961 2626 suorum,

176 2633 372 2705 periclitaretur.
399 2636 462 2692 Erat
478 2651 493 2691 e
510 2633 614 2709 regione
631 2631 721 2705 oppidi
739 2631 813 2688 collis
831 2635 884 2690 sub
901 2636 965 2708 ipsis
