2072 2998
189 129 237 182 {42
387 133 439 180 DE
461 131 585 178 BELLO
610 131 778 180 GALLICO

186 231 254 288 ximi
263 229 398 287 Oceanum
413 231 529 296 inerunt,
549 231 578 286 hi
595 229 692 286 insulis
705 247 763 286 sese
775 229 988 297 occultaverunt,

186 324 254 379 quas
265 313 353 362 aestus
366 305 467 361 efficere
475 312 649 361 consuerunt:
670 305 757 371 multi,
774 322 807 361 ex
817 306 877 362 suis
888 306 990 362 finibus

185 381 294 454 egressi,
310 397 449 452 sesuaque
457 380 548 434 omnia
556 379 727 436 alienissimis
737 379 919 436 crediderunt.
940 382 990 438 Ca-

187 455 312 521 tivolcus,
331 472 379 510 rex
391 454 518 510 dimidiae
527 453 785 526 partisEburcnum,
801 455 850 528 qui
861 473 988 512 unacum

186 530 339 602 Ambiorige
360 529 502 584 consilium
518 527 625 594 inierat,
659 536 742 584 caute
764 529 818 586 iarn
839 529 985 595 coniectus,

186 621 272 677 quum
284 603 401 658 laborem
410 602 528 658 antbeili
538 611 583 658 aut
591 601 669 676 fugae
678 602 745 660 ierre
754 621 808 660 non
816 612 918 676 posset.
930 623 987 660 om-
1022 625 1023 636 ¹

186 679 267 735 nibus
276 677 400 749 metibus
409 677 874 752 detestatauAmbicrigem,quieius
883 681 987 736 consilii

186 760 275 810 auctor
284 751 461 818 suisset,taxo,
468 752 545 808 cuins
555 769 653 826 magna
664 751 783 809 inGallie
788 753 988 828 Germaniaque

185 827 259 900 copia
269 834 317 892 est,
329 843 358 882 se
366 826 539 884 exanimavit.

240 902 353 958 XXXII.
373 901 454 975 Segni
472 901 665 974 Condrusique,
686 918 720 958 ex
737 909 816 976 gente
833 911 861 958 et
875 920 988 960 numero
1021 907 1023 914 ’

186 976 389 1042 Germanorum,
408 975 456 1048 qui
474 983 538 1031 sunt
554 976 623 1032 inter
640 975 779 1032 Eburones
796 977 985 1050 Trevircsqua,

186 1050 284 1126 legatos
292 1050 468 1108 adCaesarem
477 1051 778 1117 miserunt,oratum,ne
788 1068 817 1106 se
827 1052 856 1108 in
868 1053 985 1108 hostium

186 1125 987 1199 numeroducerct,neveomniumGermancrum,quieasent
1022 1105 1023 1184 i

185 1199 391 1264 citraRheaum,
413 1217 494 1254 unam
507 1217 566 1254 esse
576 1217 698 1256 caussam
712 1199 852 1256 iudicaret:
876 1201 944 1258 nihil
958 1221 986 1258 sc

185 1273 218 1328 de
231 1272 301 1328 hallo
317 1273 483 1346 cogitavisse,
504 1273 579 1330 nulla
590 1270 738 1348 Ambiorigi
751 1274 852 1330 auxilia
867 1277 985 1332 misisse.

185 1347 289 1413 Caesar,
308 1347 441 1420 explorata
454 1366 483 1404 re
495 1349 648 1420 quaestione
660 1350 835 1420 captivorum,
858 1352 943 1424 siqui
953 1352 986 1407 ad

185 1440 229 1478 ecs
239 1422 377 1478 Eburones
387 1440 421 1478 ex
429 1421 493 1510 iuga
502 1424 695 1489 convenissent,
708 1423 741 1478 ad
750 1441 780 1478 se
788 1433 818 1479 at
827 1427 986 1482 reduceren-

184 1507 237 1563 tur,
253 1498 409 1570 imperavit:
430 1498 453 1554 si
463 1506 499 1554 ita
507 1497 638 1565 iecissent,
655 1499 985 1558 fineseorumseviolatu-
1023 1528 1024 1556 i

185 1591 245 1630 rum
255 1574 370 1648 negavit.
391 1573 459 1628 Tuna
471 1573 554 1644 copiis
565 1573 592 1628 in
606 1573 654 1628 tris
663 1580 750 1646 partes
759 1572 922 1642 distributis,
934 1577 986 1632 im·
1023 1567 1024 1588 ¹

185 1649 333 1722 uadimonia
347 1649 469 1704 omnium
484 1647 619 1722 legionum
632 1647 797 1704 Aduatucam
808 1649 935 1706 contulit.
955 1651 986 1706 ld

184 1723 282 1780 castelli
296 1727 392 1780 omnen
406 1731 455 1778 est.
475 1723 530 1778 Hoc
547 1721 600 1778 iere
618 1730 659 1778 cat
674 1723 703 1778 in
717 1722 814 1778 mediis
823 1723 985 1782 Eburonum

184 1798 296 1864 finibus,
322 1798 370 1854 ubi
389 1796 507 1854 Titurius
526 1806 606 1870 atque
625 1796 823 1854 Aurunculeius
845 1798 985 1856 hiemandi

184 1890 276 1928 caussa
288 1873 469 1928 consederant.
489 1873 566 1928 Hunc
575 1889 661 1946 quum
673 1871 785 1944 reliquis
798 1875 881 1930 rebus
896 1874 983 1931 iocum

184 1946 319 2017 probabat,
326 1955 384 2002 tum
389 1946 462 2019 quod
471 1947 613 2019 superioris
620 1947 685 2004 anni
693 1946 856 2004 munitiones
867 1949 985 2024 integrae

184 2020 334 2085 manebant,
354 2029 385 2074 ut
402 2021 517 2078 militum
537 2022 653 2079 laborem
670 2021 828 2078 sublevaret
848 2024 984 2082 Praesidio

184 2092 380 2164 impedimentis
396 2094 526 2168 legionem
535 2097 597 2154 xlv
609 2097 725 2169 reliquit,
746 2113 830 2156 unam
843 2116 880 2171 ex
894 2101 928 2156 iis
937 2101 985 2154 tri-

184 2168 245 2230 bus,
269 2184 336 2239 quas
349 2170 470 2240 proxime
483 2172 644 2243 conscriptas
658 2189 692 2228 ex
701 2170 774 2226 ltalia
783 2173 983 2231 transduxerat.

183 2243 216 2300 Ei
234 2241 331 2318 legioni
352 2243 498 2314 castrisque
512 2243 544 2310 Q.
560 2239 678 2302 Tullium
699 2245 851 2304 Ciceronem
866 2251 985 2322 praeficit
1023 2223 1024 2272 i

183 2319 363 2390 ducentosque
370 2318 473 2390 equites
482 2317 618 2374 adtribuit.

237 2395 362 2450 mun
381 2393 479 2449 Partito
486 2394 612 2458 exercitu,
629 2395 658 2448 Τ.
667 2395 816 2450 Labienum
826 2414 892 2454 cum
903 2399 985 2475 tegio·

184 2468 264 2524 nibus
282 2469 368 2526 tribus
382 2468 416 2524 ad
430 2466 565 2523 Oceanum
578 2485 671 2522 versus
690 2469 718 2524 in
732 2487 776 2524 aas
793 2481 894 2542 partes,
917 2491 985 2548 quae

182 2543 318 2616 Menapios
337 2544 492 2616 adtingunt,
505 2541 641 2613 proficisci
660 2542 749 2602 iubet:
767 2545 798 2600 C.
820 2547 984 2606 Trebonium

183 2634 244 2673 cum
262 2619 320 2689 pari
339 2619 474 2694 legionum
493 2616 652 2708 numerand
667 2635 726 2674 earn
748 2620 897 2693 regionem,
919 2639 986 2696 qnae
