2072 2998
281 135 353 181 LIB.
367 135 436 182 vm.
466 136 544 182 cat’.
560 136 603 183 ³5.
619 137 659 183 36.
825 135 875 189 223

74 231 225 298 Lucterius,
245 233 294 304 qui
312 232 431 288 fortunae
444 234 516 290 illius
534 234 681 306 periculum
694 235 796 303 fecerat,
819 257 876 296 mo-

74 314 157 372 neret,
176 305 303 361 frumenti
317 307 443 363 rationem
457 327 515 364 esse
528 309 691 365 hahendam:
712 313 875 369 constituunt

73 381 197 458 omnium
210 397 349 445 consensu.
363 393 435 454 parte
445 383 483 438 ibi
494 382 581 438 relicta
591 385 736 455 copiarum,
752 385 803 456 ipsi
812 403 875 442 oum
912 431 918 440 ,

73 455 205 528 expeditis
227 455 261 509 ud
280 457 476 529 importandum
494 457 655 514 frumentum
676 459 815 531 proficisci.
835 462 875 516 Eo

73 529 187 586 oonsilio
196 531 313 601 probato,
324 532 445 602 proxima
455 540 536 597 noete,
545 533 650 588 duobus
658 533 779 588 millibus
788 551 874 590 arma·

74 615 164 662 torum
178 603 284 671 relictis,
305 606 420 678 reliquos
430 625 462 661 ex
471 607 567 680 oppido
576 609 692 679 Drappes
701 615 726 663 et
736 609 874 665 Lnoterius

32 703 34 708 ·
74 681 206 736 educunt:
228 679 261 744 ii,
281 697 378 750 pauoos
388 680 444 735 dies
457 683 558 748 morati,
579 700 613 738 ex
628 682 727 738 finibus
742 683 873 739 Caduroo-

75 772 147 819 rum,
169 752 218 826 qui
231 754 328 826 partim
342 773 370 809 re
383 753 551 812 frumentaria
564 755 703 813 sublevare
720 773 764 812 eos
783 759 874 830 cupie-

76 831 150 894 bant,
170 829 267 899 partim
276 829 423 899 prohibere,
439 831 743 902 quominussumereut‚
761 850 814 888 nou
825 850 874 905 po-

74 910 170 969 teraut,
185 919 315 976 maguum
329 922 470 960 numerum
486 904 609 961 frumeuti
619 914 784 979 eomparaut:
805 925 873 964 non·

76 994 228 1050 numquam
238 985 323 1032 autem
332 979 543 1050 expeditionibus
557 982 692 1036 nocturnis
706 981 811 1038 castella
824 999 874 1039 uo-

75 1062 193 1108 strorum
211 1051 375 1108 adoriuntur.
405 1053 489 1120 Quam
509 1055 544 1109 ob
562 1071 683 1110 caussam
701 1055 732 1112 C.
744 1056 872 1113 Caninius

75 1135 128 1184 toto
147 1126 245 1198 oppido
264 1127 424 1182 munitiones
441 1129 604 1184 circumdare
622 1138 752 1198 moratur,
772 1149 806 1186 ne
828 1140 873 1187 aut

74 1220 143 1274 opus
153 1201 274 1257 effaetum
286 1203 352 1256 tueri
361 1219 414 1258 uon
424 1203 515 1274 possit,
533 1211 579 1258 aut
591 1203 714 1274 plurimis
724 1203 788 1262 locis
797 1205 873 1262 iulii·-

77 1295 120 1332 ma
131 1275 256 1348 disponat
265 1276 402 1347 praesidia.

130 1350 246 1407 XXXV.
266 1351 362 1424 Magna
377 1351 451 1423 mpla
464 1351 589 1406 frumeuti
602 1361 764 1423 eomparata‚
785 1355 873 1409 oonsi-

74 1425 143 1480 duut
160 1426 279 1497 Drappes
297 1431 322 1480 et
340 1426 477 1480 Lucterius
495 1439 547 1480 uon
562 1424 668 1498 longius
687 1427 720 1481 ab
734 1426 830 1498 oppido
845 1429 873 1482 X

74 1498 207 1564 millibus,
227 1498 299 1555 uude
310 1499 449 1571 paullatim
459 1498 621 1554 frumentum
630 1499 659 1554 in
668 1496 797 1570 oppidum
806 1518 873 1571 snp-

75 1581 218 1646 portarant.
238 1573 291 1646 Ipsi
302 1573 370 1630 inter
378 1591 407 1629 se
415 1573 564 1645 provincias
573 1574 736 1645 partiuntur:
756 1575 872 1644 Drappes

74 1648 169 1704 castris
178 1647 309 1719 praesidio
318 1665 380 1704 eum
389 1657 463 1721 parte
472 1648 606 1720 eopiarum
616 1647 722 1716 restitit;
734 1648 872 1702 Lucterius

75 1740 174 1798 agmen
183 1723 361 1786 iumentorum
370 1724 403 1780 ad
412 1723 540 1796 oppidum
550 1721 667 1778 adducit.
685 1721 872 1794 Dispositisibi

74 1796 225 1870 praesidiis,
231 1797 302 1852 ⁴hora
312 1798 395 1853 noetis
404 1799 506 1853 circiter
515 1799 552 1864 X,·
562 1796 728 1853 silvestribus
738 1797 872 1870 ingruis-

74 1888 130 1944 que
143 1871 281 1926 itineribus
291 1870 453 1928 frumentum
464 1873 603 1944 importare
617 1872 644 1926 in
658 1870 786 1943 oppidum
795 1871 872 1928 iusti-

74 1946 136 2002 tuit.
156 1945 277 2013 Quorum
290 1947 428 2018 strepitum
443 1946 537 2020 vigiles
549 1953 695 2002 castrorum
710 1961 797 2018 quum
811 1963 872 2002 sen-

74 2022 181 2086 sissent,
197 2019 427 2093 exploratoresque
436 2022 520 2086 missi,
537 2039 604 2092 quae
614 2028 760 2095 agerentur,
774 2039 872 2078 munn-

74 2096 202 2152 ciassent:
224 2095 353 2150 Caninius
362 2096 478 2152 celeriter
486 2113 547 2150 oum
557 2096 708 2151 eohortihus
721 2097 828 2152 armatis
837 2113 872 2151 ex

74 2169 206 2242 proximis
225 2169 340 2225 castellis
359 2171 387 2226 in
405 2170 591 2226 frumentarios
608 2171 661 2225 sub
680 2170 766 2242 ipsam
785 2170 871 2226 lueem

74 2248 206 2318 impetum
216 2242 282 2298 leoit.
303 2245 333 2309 li,
350 2244 485 2317 repentino
494 2244 564 2300 malo
574 2245 711 2316 perterriti,
728 2244 873 2318 diffugiunt

73 2319 167 2376 adsna
177 2316 322 2389 praesidia:
343 2337 411 2392 quae
425 2320 508 2374 nostri
522 2327 552 2374 ut
560 2319 693 2383 viderunt,
714 2319 799 2372 acrius
808 2333 873 2372 oon-

72 2404 114 2450 tra
124 2399 240 2448 armatos
249 2392 357 2459 incitati,
365 2394 498 2449 neminem
507 2411 540 2449 ex
548 2409 579 2448 eo
590 2407 700 2448 numero
710 2391 803 2446 vivum
813 2391 872 2462 capi

72 2467 224 2542 patiuntur.
242 2466 343 2540 Effugit
356 2467 419 2524 inde
431 2485 494 2522 oum
508 2467 600 2540 paucis
614 2464 760 2530 Lucterius,
783 2481 831 2521 neo
844 2482 873 2519 se

73 2541 169 2615 recipit
178 2541 207 2596 in
216 2549 311 2598 eastra.

128 2615 258 2674 XXXVl.
279 2617 317 2672 lle
326 2616 393 2673 bene
402 2622 484 2692 gesta,
500 2614 629 2672 Caninius
638 2630 672 2670 ex
680 2613 791 2686 captivis
801 2630 873 2669 oom-
