2064 2996
174 159 206 210 ιδ
377 158 428 206 DE
450 156 574 202 BELLO
594 155 763 202 (subulco

173 259 315 316 hortandos
324 257 431 324 milites,
451 273 533 328 quam
547 255 575 310 in
590 262 690 326 partem
703 254 757 310 fors
766 252 872 320 obtuiit,
894 256 975 312 decu-

174 335 256 390 currit
264 342 289 389 et
298 334 332 389 ad
343 333 472 408 legionem
481 331 609 386 decimam
620 329 731 385 devenit.
745 328 841 384 Milites
851 347 906 384 non
918 332 975 386 ion-

174 403 536 484 gioreorationeeohortatus,
551 421 632 476 quarn
646 405 685 458 uti
700 421 764 460 suae
778 403 907 474 pristinae
920 408 975 460 vir-

175 484 238 540 tutis
248 483 402 538 memoriam
412 481 560 544 retinerent,
577 495 629 534 neu
639 478 854 550 perturbarentur
872 481 971 544 animo,

175 559 345 629 hostiumque
356 555 493 624 impetum
512 551 611 608 fortiter
632 553 804 617 sustinerent,
827 553 902 624 quod
922 573 973 610 non

176 623 282 706 longius
291 632 379 685 hostes
389 629 505 691 aberant,
518 644 600 699 quarn
615 643 670 698 quo
684 626 766 682 mum
780 626 859 682 adiici
873 638 971 697 posset,

175 706 267 778 proelii
286 702 466 760 committendi
479 702 588 776 signum
604 699 683 756 dedit
711 700 799 772 Atque
816 701 845 755 in
864 701 974 758 aiteram

175 787 275 852 purtem
286 777 348 832 item
359 776 511 832 cohortandi
522 793 615 832 caussa
628 773 768 846 protentus,
789 778 973 848 pugnantibus

175 853 296 910 occurrit.
326 851 462 922 Temporis
480 857 551 906 tenta
568 849 620 904 tuit
636 849 780 922 exiguitas,
801 849 975 924 hostiumque

176 937 229 983 tam
240 935 346 998 paratus
355 925 388 981 ad
400 925 581 981 dimicandum
595 924 710 988 enimus,
731 932 827 978 utnon
841 925 923 980 modo
943 927 974 981 ad
1019 965 1020 986 ,

177 1001 291 1074 insignia
301 999 533 1064 adcommodanda,
541 998 588 1054 sed
598 999 675 1053 etiam
685 997 815 1071 adpetere
825 998 974 1056 induendas

177 1075 312 1146 scutisque
322 1074 463 1148 tegimenta
472 1072 630 1128 detrahenda
640 1079 746 1143 tempus
754 1071 876 1126 defuerit.
887 1073 975 1141 Quem

177 1151 292 1222 quisque
302 1149 330 1203 in
339 1155 440 1220 partem
450 1147 484 1201 ab
495 1163 572 1218 opere
581 1163 644 1200 casu
653 1146 767 1212 devenit,
782 1163 908 1219 quaelue
921 1151 976 1220 pri-

177 1241 220 1278 ma
230 1225 306 1297 signa
317 1221 461 1294 conspexit,
482 1220 588 1276 adhaec
597 1221 720 1286 constitit,
743 1239 785 1286 ne,
806 1222 976 1294 inquaereu·

177 1298 294 1363 dissuis,
305 1296 442 1372 pugnandi
451 1302 556 1366 tempus
566 1293 717 1350 dimitteret.

231 1373 318 1428 XXII.
339 1373 467 1427 instructo
477 1368 791 1442 exercitu,magisutlcoi
803 1377 896 1427 notura
906 1371 978 1427 deie-

177 1454 288 1519 utusque
297 1445 370 1502 collis
380 1453 405 1501 et
414 1446 554 1502 nenessitas
563 1445 697 1515 temporis,
713 1461 795 1516 quom
805 1453 836 1498 ut
851 1445 888 1500 rei
904 1448 977 1500 miii·
1019 1467 1020 1472 ¹

178 1522 240 1577 turis
250 1521 315 1578 ratio
324 1529 403 1594 atque
411 1521 475 1576 ordo
483 1517 641 1594 postulabat,
648 1534 734 1592 quum
743 1517 855 1573 diuersis
864 1517 931 1575 iocis
940 1521 977 1576 le-

177 1598 279 1672 giones,
290 1595 355 1652 eiiae
365 1596 416 1652 elia
426 1597 454 1651 in
462 1603 545 1670 perte,
557 1594 678 1650 hostibus
687 1593 844 1658 resisterent,
851 1595 977 1666 sepibus·

178 1671 424 1744 quedoneissimis,
446 1677 548 1725 utente
563 1667 811 1732 domonstravimus,
832 1667 975 1724 interiemis

178 1753 330 1817 prospectus
340 1744 524 1816 impediretur:
540 1760 626 1815 neque
635 1749 703 1797 corta
713 1741 832 1796 subsidia
841 1741 974 1810 collocari,

178 1836 265 1891 neque
274 1819 341 1890 quid
351 1820 379 1873 in
389 1835 496 1889 quaque
504 1824 577 1888 parte
585 1833 653 1890 opus
662 1823 729 1871 esset
737 1815 878 1887 provideri,
889 1835 976 1890 neque

177 1893 210 1946 ab
221 1909 276 1946 uno
285 1893 373 1946 omnia
386 1891 495 1962 imperia
505 1887 681 1946 administrari
695 1897 821 1962 mtereut.
841 1891 935 1964 itaquo
948 1893 975 1948 Iu

179 1973 247 2020 tenta
262 1981 350 2018 rerum
363 1965 502 2037 iniquitute
515 1963 634 2021 fortunae
653 1981 760 2038 quoque
777 1972 888 2021 eventus
907 1967 976 2024 varii
1019 1967 1020 2042 f

176 2038 359 2111 sequebantur.

231 2111 328 2166 XXIII.
348 2111 472 2185 Legionis
481 2129 565 2167 nonae
574 2119 599 2166 et
608 2111 724 2167 decimes
732 2111 838 2178 milites,
854 2113 925 2170 utin
939 2115 977 2168 si-

179 2187 260 2240 nistra
269 2193 342 2257 parte
351 2186 405 2240 acic
413 2187 588 2252 constiterunt,
596 2186 658 2259 piiis
667 2187 781 2253 emissis,
791 2203 872 2242 mareu
883 2204 915 2243 eo
924 2187 977 2243 las-

177 2260 293 2316 situdine
302 2259 465 2316 exanimatos
475 2260 684 2332 vulneribusque
697 2259 826 2318 eonfectos
839 2261 975 2318 Atrebates

177 2335 248 2408 (nem
259 2335 301 2390 his
311 2353 339 2390 es
349 2351 411 2407 pers
425 2333 575 2408 obvenerat)
593 2333 709 2388 celeriter
723 2353 757 2390 ex
772 2335 827 2390 loeo
840 2337 976 2408 superiore

178 2411 205 2464 in
225 2408 323 2465 flumen
342 2409 534 2481 compulerunt,
557 2417 582 2464 ot
594 2409 706 2462 transire
723 2417 845 2465 oonentes
861 2411 976 2468 ,insecuti

177 2483 273 2556 gladiis
283 2491 512 2558 magnampartcm
522 2500 612 2538 eorum
623 2481 974 2552 impeditaminterfecerunt.
1019 2549 1020 2552 Ἴ

178 2557 230 2629 ipsi
241 2559 352 2613 transire
361 2558 460 2614 fiumen
469 2575 522 2613 nou
532 2557 720 2612 dubitaverunt
729 2565 762 2621 et,
782 2557 809 2612 in
822 2557 909 2612 locum
923 2559 976 2614 ini·

177 2647 263 2706 quum
271 2633 413 2706 progressi,
427 2649 521 2689 rursus
531 2646 662 2706 regressos
675 2647 706 2686 ac
719 2631 868 2688 resistentes
888 2632 975 2688 hostes
