2064 2996
157 124 190 176 XI
356 130 406 175 DE
428 130 552 176 BELLO
577 129 745 177 GALLICO

156 245 236 298 neque
246 232 287 286 iis.
302 245 383 298 neque
396 247 483 284 eornm
495 235 574 284 sociis
586 233 686 284 iniuria
700 231 793 284 onnam
806 232 964 298 ettenorum,

156 308 180 358 ei
190 307 217 356 in
226 319 255 356 eo
265 313 406 368 manerent,
419 308 486 373 qood
496 309 660 366 convenisset,
670 307 873 372 stipendiumque
888 323 967 374 quo-
1026 324 1027 339 ¹

157 381 403 446 tannispenderent:
420 382 444 432 si
453 382 480 432 id
489 384 672 448 nonfaciesent
685 380 757 446 ienae
766 381 966 446 iietroternum

156 469 247 508 namen
258 456 349 521 papuli
357 453 467 510 Romani
479 458 622 522 asotorum.
646 453 720 518 Quoas
730 455 782 506 sibi
798 450 895 508 Caesar
909 457 966 508 de-
1026 524 1027 529 ἵ

156 531 300 595 nunciaret,
317 527 497 582 serranorum
510 532 623 582 iniurias
635 545 687 581 non
699 529 873 595 analectorum
878 546 888 594 ,·
909 545 965 582 ne·-
1026 578 1027 593 ἶ

155 607 342 658 minemseanm
351 605 463 656 sinesna
469 607 585 669 pernicie
594 604 760 656 contendisse.
776 600 860 666 Οιιυηι
868 605 959 671 seint,

157 679 368 746 eonarecieretnr;
396 678 594 745 intellecturum,
623 679 686 745 ataid
707 680 798 730 invicti
819 674 960 745 Germani,
1019 716 1021 757 i

156 753 368 808 exercitatissimi
381 753 408 804 in
418 755 506 820 armis,
522 757 569 821 qni
582 755 649 806 inter
661 765 743 806 annos
759 753 962 820 quatuordeeim
1019 776 1022 839 Ι

157 833 250 880 ieetnm
259 841 311 878 non
319 828 452 892 subessent
463 831 559 880 vertute
565 834 677 894 possein

211 897 348 954 XXXVII
368 899 436 954 Haec
444 899 533 956 eadem
545 896 959 972 temporecaesarimandatare-

23 991 25 999 ·
101 999 103 1004 ·
155 972 313 1038 ferebantur,
328 981 354 1028 et
362 972 440 1047 legati
454 973 487 1030 ab
497 973 595 1030 Aeduis
604 982 653 1029 eta
667 972 782 1028 Treviris
796 965 956 1030 veniebant':
1027 1009 1028 1066 t

156 1047 241 1102 Aedui
251 1056 384 1120 questum
402 1049 475 1120 quod
488 1049 613 1114 Harudes,
629 1049 677 1120 qui
696 1064 780 1118 nuper
793 1046 822 1102 iu
837 1046 957 1104 Galliam
1021 1052 1028 1137 j*

155 1122 323 1194 transportati
331 1132 426 1188 essent
443 1124 507 1180 fines
521 1141 612 1190 eorum
625 1120 839 1195 popularentur(
847 1139 907 1178 sese
920 1141 958 1180 uo

155 1197 295 1254 obsidibus
304 1198 412 1270 quidem
422 1198 490 1255 datis
499 1216 589 1270 paoem
601 1195 725 1253 Ariovisti
736 1195 862 1252 redimere
874 1205 958 1282 poiu—
1027 1239 1028 1274 t

155 1273 222 1328 isse:
244 1273 344 1328 Treviri
355 1283 451 1339 autem
465 1291 547 1347 pagos
556 1280 661 1328 eentum
671 1272 818 1328 Suevorum
832 1270 902 1326 ed
881 1290 956 1358 ripas
1027 1331 1028 1336 ἵ

155 1346 239 1402 Rheni
250 1347 406 1414 consedisse
418 1365 464 1420 qur
458 1349 597 1404 Rhenum
609 1348 719 1402 barisire
727 1354 897 1417 conuentum
919 1348 955 1404 i'u

155 1439 275 1494 praeesse
284 1423 399 1480 Nasuam
413 1433 439 1479 et
453 1423 616 1480 Cimberium
629 1421 731 1478 iratres.
752 1419 857 1488 Quibus
870 1421 953 1478 rebus

156 1497 251 1552 Caesar
269 1498 435 1554 vehementer
449 1507 605 1563 eommotus
627 1495 814 1554 maturandum
828 1496 880 1550 sibi
895 1497 955 1552 oxi-

145 1572 283 1638 -stImavit,
302 1591 343 1639 ne,
359 1575 381 1629 si
396 1592 462 1630 nova
472 1593 567 1630 munus
581 1573 728 1628 Suevorum
742 1587 804 1625 eum
817 1571 954 1628 veteribus

155 1664 238 1720 copus
247 1648 372 1706 Ariovisti
381 1667 438 1704 sese
450 1649 639 1712 coniunxisset,
659 1646 750 1700 minus
768 1644 843 1700 facile
865 1647 954 1702 resisti

155 1731 252 1792 posset
284 1724 417 1796 linquere
438 1722 621 1786 frumentaria,
645 1737 727 1791 quam
748 1719 883 1778 celerrime
903 1735 954 1792 po-

154 1797 214 1858 tuit,
230 1805 385 1869 eomparata
406 1814 511 1870 magmis
521 1795 660 1864 itineribus
669 1794 703 1850 ad
714 1793 878 1852 Ariovistum
887 1813 954 1852 eon-

154 1869 247 1926 tandit.
328 1917 330 1923 .

209 1943 358 2000 xxxiuu.
379 1943 467 2011 Quum
478 1944 595 2000 tridui
568 1962 640 2002 viam
649 1944 826 2017 processisset
840 1945 955 2002 nuncia·

155 2024 212 2073 tum
222 2024 261 2072 est
273 2019 306 2084 ei,
318 2018 481 2074 Ariovistum
490 2037 551 2074 eum
562 2020 618 2076 suis
627 2019 752 2076 omnibus
765 2020 847 2092 eopiis
861 2019 895 2074 ad
909 2038 955 2076 oo-

154 2092 307 2164 eupandum
317 2093 509 2160 Vesontionem
526 2095 598 2168 quod
611 2095 786 2182 ostoppidum
801 2095 954 2150 maximum

154 2167 346 2239 Sequanorum,
358 2170 521 2236 contendere,
534 2170 703 2253 triduique
677 2187 841 2226 vramasms
851 2169 954 2224 finibus

154 2242 322 2314 processIssa.
342 2243 373 2298 Id
383 2261 416 2299 ne
425 2245 558 2310 accideret,
581 2262 677 2319 magno
689 2261 767 2317 opere
780 2243 832 2298 sibi
846 2260 955 2315 praeca-

155 2317 271 2374 vendum
282 2317 376 2376 Caesar
385 2319 565 2376 existimabat:
586 2337 702 2392 namque
715 2319 837 2374 omnium
850 2336 952 2386 rerum,

154 2393 445 2465 quaeadbellumusui
458 2403 540 2460 erant,
551 2413 657 2450 summa
667 2394 758 2450 eratin
768 2393 904 2466 eooppido
914 2391 956 2448 ia-

154 2467 251 2532 cultas3
268 2468 349 2542 idque
362 2477 454 2526 natura
470 2469 555 2524 Ioci'
533 2487 572 2526 sie
585 2469 763 2534 muniebatur
782 2475 814 2524 ut
826 2485 954 2541 magnam

154 2541 186 2598 ad
197 2542 348 2600 ducendum
358 2543 458 2600 bellum
474 2545 546 2600 daret
559 2543 717 2608 suauitatem
730 2551 866 2615 propterea
879 2543 953 2614 quod

154 2616 252 2674 {lumen
265 2618 359 2685 Dubis,
378 2628 408 2676 ut
420 2637 518 2678 circino
531 2619 750 2682 circumductum,
771 2633 853 2690 paene
867 2623 954 2674 totum
