2078 2996
94 89 101 98 ’
198 114 248 170 att
422 118 473 166 nn
490 118 615 167 annno
635 115 755 166 c1v1n1

197 222 328 278 dabantru
341 219 423 284 enim,
443 217 534 274 endem
551 234 580 273 se
596 217 729 289 superiore
743 233 813 272 anno
826 218 857 272 in
870 217 1002 294 Hispania

197 312 345 369 perpessos,
356 293 445 350 lebore
457 301 483 348 et
497 292 620 364 patientia
632 291 781 348 maximnm
794 291 906 348 belluna
916 294 1003 352 oonle

197 372 278 428 nisse:
307 368 493 431 meminerant,
513 366 546 424 ed
562 365 675 422 Alesiam
690 383 816 440 magnam
834 384 866 422 se
880 369 1001 442 inopiam

141 449 143 463 '
198 462 344 519 perpessos,
365 441 450 500 multo
458 442 538 497 etiem
548 441 672 496 maiorem
685 439 720 496 ad
732 441 894 508 Avaricum,
918 445 1000 500 meri

198 537 303 578 marum
312 537 341 574 se
351 517 469 592 &ouum
481 516 590 572 viotores
598 514 760 572 discessisse.
784 516 857 582 Non,
871 517 935 574 illis
945 520 1000 575 bor-

198 596 278 652 deum
287 592 496 667 quatriduum,
511 608 564 648 non
578 590 713 665 legumina
722 590 899 649 recusabant:
923 612 999 667 penas

198 687 270 734 vero.
290 669 366 724 euius
375 667 413 722 rei
421 683 528 722 summe
541 673 597 722 erat
609 683 644 722 ex
654 665 736 738 Epiro
748 665 833 737 eopia,
854 684 964 744 magno
976 671 996 724 in

199 746 297 802 bonore
306 741 446 798 hebebant.

252 817 367 874 XLVllL
386 815 434 871 Est
446 815 525 901 etiarn
534 831 620 889 genus
635 814 731 870 radicis
741 815 891 874 inventurn
905 818 944 875 ab
959 820 996 877 iis.

197 888 551 1022 retrituratur
558 888 803 1038 εεεεε
814 891 998 1024 astar

198 1040 317 1096 tudinem
331 1038 408 1112 panis
421 1037 575 1096 efficiebant.
598 1039 665 1096 Eius
674 1045 730 1095 erat
741 1043 941 1116 magnaaopin.
961 1045 997 1100 lix

196 1116 246 1172 hoo
254 1113 450 1187 silentospenes,
457 1131 543 1187 quum
553 1114 581 1170 in
590 1113 728 1186 oolloquiie
733 1115 891 1187 Pompeiani
900 1116 996 1174 fimeto
1011 1131 1012 1134 ’

197 1189 293 1248 nostris
310 1189 475 1257 oblectarent,
498 1188 580 1264 vulgo
598 1189 628 1246 in
644 1206 689 1246 eos
707 1189 852 1258 iaciebant,
871 1200 905 1249 ut
923 1211 996 1267 spem

196 1282 287 1322 eorum
298 1265 454 1322 minuerant.

250 1340 349 1396 XLIX.
369 1341 478 1412 Iamque
495 1337 627 1394 frumenta
643 1345 817 1396 mnturesoere
833 1339 996 1414 incipiebant

196 1423 277 1490 atque
285 1416 343 1489 ipsa
353 1432 413 1488 spes
426 1415 544 1488 inopiam
554 1414 726 1481 sustentabat,
746 1413 819 1488 quod
833 1413 958 1473 celeriter
969 1435 995 1473 se

195 1491 334 1548 habituros
343 1489 445 1563 copiam
457 1489 638 1546 oonfidebantz
658 1490 817 1561 crebraeque
827 1507 910 1548 vonee
924 1493 994 1548 mili·

197 1575 256 1624 turn
266 1566 404 1642 invigiliis
416 1564 609 1638 colloquiisque
618 1564 801 1630 audiebantur,
810 1571 926 1634 prtum
937 1585 994 1624 ooa-

150 1667 151 1670 ¹
197 1649 246 1701 tice
255 1661 289 1698 en
301 1645 440 1698 arboribus
451 1645 574 1705 uetares.
595 1657 674 1710 qnam
685 1640 832 1708 Pompeiam
845 1657 860 1694 e
874 1646 993 1698 monibus

195 1721 356 1774 diariuurna.
379 1715 503 1772 Libenter
514 1714 593 1770 etiam
607 1729 642 1770 en
655 1711 773 1788 perfugis
790 1716 991 1787 eognoeodtant,

196 1808 278 1865 equos
287 1807 379 1848 eorum
390 1790 437 1848 vix
445 1788 558 1854 tolerari,
578 1787 679 1861 reliqua
689 1801 751 1844 vero
760 1789 877 1845 iumento
888 1789 992 1848 interis·

196 1884 239 1936 ως
260 1865 398 1922 otiantem
408 1864 479 1938 ipsos
492 1863 644 1922 valetudine
654 1880 707 1920 non
716 1863 795 1930 bona,
811 1881 900 1936 quum
908 1884 992 1941 angu-

195 1940 254 1996 stiis
269 1939 332 2004 loci.
354 1947 380 1995 et
397 1939 476 2000 odoro
498 1947 563 1996 tetro
580 1957 614 1996 ex
631 1938 802 1996 multitudine
824 1939 990 2007 mdaverum,

195 2013 391 2084 atquotidianis
405 2013 550 2081 laboribus,
571 2015 688 2072 insuetos
696 2031 816 2086 operum.
836 2021 896 2070 tum
909 2033 991 2090 equae

195 2103 302 2143 summe
320 2087 409 2159 inopia
428 2088 554 2146 adientes:
586 2089 675 2146 omnia
693 2090 764 2146 enim
782 2087 895 2145 flumina
913 2100 990 2166 atque

195 2178 287 2220 omnes
297 2161 377 2227 rivos.
389 2163 438 2234 qui
447 2162 562 2220 aduam
570 2163 746 2235 pertinebant,
758 2164 853 2220 Caesar
862 2172 908 2220 aut
916 2185 990 2223 aver

195 2237 436 2310 terat,eutmegnis
444 2237 569 2310 oporibus
578 2237 753 2296 obstruxerat.
772 2239 868 2312 Atque,
879 2246 990 2298 uteraul

196 2314 251 2372 loco
270 2319 409 2370 montuosa
427 2320 454 2370 et
472 2312 506 2370 ad
525 2330 620 2385 speous
637 2314 775 2387 argentias
796 2313 922 2381 vellium,
942 2314 987 2372 has

136 2439 139 2448 .
196 2388 306 2446 sublicis
316 2387 345 2444 iu
357 2393 454 2444 terrm
464 2388 587 2444 demissis
597 2395 775 2460 praesepserat
788 2395 936 2462 terramque
942 2390 987 2445 ad-

195 2471 321 2536 gesserat,
339 2470 369 2519 ut
383 2480 481 2536 aquom
494 2462 665 2518 oontioerent.
685 2463 777 2534 Itaque
790 2461 830 2517 illi
846 2464 986 2520 neeesserio

196 2539 251 2594 looe
265 2537 342 2610 sequi
356 2537 471 2594 demissa
484 2555 514 2593 ao
527 2536 654 2608 palustria
668 2544 693 2592 et
706 2544 798 2608 puteos
810 2535 897 2592 fodere
912 2555 986 2612 eoge-

195 2611 306 2670 bentur:
328 2609 985 2688 etquebunoluboremedquotidieoaoperondde·
