2072 2998
327 143 396 188 utu.
411 142 442 190 v.
471 144 552 188 criu.
566 143 607 188 12.
828 144 860 196 99
912 131 916 144 ’

71 243 187 307 navibus,
200 241 323 314 reliquae
332 251 419 298 umen
428 241 498 296 refici
508 260 585 314 possa
594 260 690 316 magua
702 247 804 318 negotio
821 249 862 301 ti-

69 317 193 373 derentur.
216 319 309 388 ltaque
318 333 353 372 ex
362 314 509 389 legionibus
518 317 605 372 labros
614 317 709 390 delegit
717 327 742 373 et
754 337 784 374 ex
799 338 861 376 cou-

69 395 156 448 tinenti
166 391 365 448 aliosaroessiri
380 392 463 452 iubet,
484 393 599 448 Labieno
612 393 711 456 scribit,
726 401 764 456 ut,
779 411 861 466 quam

12 521 13 540 γ
65 468 194 540 plurimas
203 477 303 538 posset,
325 466 359 518 iis
374 465 529 538 legionibus,
550 485 619 539 quae
637 468 690 522 sint
704 468 774 539 apud
788 487 858 534 euni,

64 560 143 598 naves
153 543 286 598 instituat.
309 542 377 611 lpse,
388 541 435 594 etsi
446 559 486 594 res
495 551 549 596 erat
562 542 660 598 multae
673 561 766 614 operae
779 561 811 598 ao
825 544 862 597 la-

63 619 144 680 boris,
158 625 248 672 tarum
259 615 507 676 eommodissirnum
519 633 577 670 esse
590 618 687 680 statuit,
708 635 800 672 ornnes
815 637 862 672 na-

65 709 112 746 ves
120 691 234 746 subduci
243 701 269 746 et
278 708 341 744 cum
352 693 441 744 castris
452 709 505 746 uua
519 693 663 748 munitione
675 693 810 766 coniungi.
830 695 860 747 lu

64 768 108 823 bis
123 767 204 822 rebus
218 765 323 820 circiter
339 763 396 820 dies
410 765 498 820 decem
517 767 657 832 eonsumit,
676 785 710 824 ne
726 770 861 824 nocturnis

61 842 173 914 quidem
190 839 358 914 temporibus
376 839 408 894 ad
427 840 542 896 laborem
561 841 674 896 militum
694 843 859 900 intermissis.

61 916 207 973 Subductis
217 915 333 970 navibus
341 915 489 986 castrisque
497 917 600 990 egregio
614 917 732 982 munitis,
755 919 859 974 easdem

60 993 163 1064 oopias,
174 1009 243 1064 quas
254 999 324 1056 anta,
335 990 465 1062 praesidio
480 991 593 1046 navibus
607 991 725 1065 reliquit:
746 995 803 1065 ipse
816 1011 860 1049 ao-

60 1069 135 1131 dem,
154 1065 227 1122 unde
240 1065 362 1130 redierat,
381 1065 563 1137 proficiscitur.
582 1067 620 1121 Eo
634 1085 719 1138 quum
733 1069 857 1134 venisset,

61 1143 175 1197 maiores
185 1141 237 1198 iam
248 1139 372 1212 undique
379 1141 407 1196 iu
416 1158 478 1194 eum
489 1140 575 1196 locum
583 1143 859 1212 copiaeBritannorum

61 1225 248 1280 mutauerant,
271 1232 379 1270 summa
400 1215 503 1286 imperii
523 1215 638 1287 bellique
658 1216 859 1272 administrandi

64 1293 199 1345 communi
208 1290 321 1346 oonsilio
337 1289 464 1360 permissa
477 1289 681 1356 Cassiuellauno
702 1293 778 1348 cuius
793 1293 859 1347 fines

65 1384 80 1420 a
92 1365 227 1420 maritimis
236 1364 390 1422 civitatibus
401 1363 499 1420 flumen
509 1365 611 1430 diuidit,
630 1366 701 1436 quod
715 1367 859 1437 adpellatur

63 1440 191 1504 Tamesis,
205 1459 220 1496 a
232 1439 303 1496 mari
316 1439 417 1494 cirtiter
432 1438 514 1494 millia
523 1455 651 1509 passuum
661 1440 772 1497 LXXX.
792 1442 860 1496 Huic

60 1515 195 1586 superiora
207 1525 328 1585 tempora
341 1530 402 1566 aum
417 1513 525 1584 reliquis
538 1513 689 1568 civitatibus
702 1517 859 1570 continentia

60 1591 130 1647 bella
150 1591 364 1646 intercesserant:
385 1587 432 1642 sed
445 1596 534 1644 nostro
545 1587 659 1652 adventu
678 1591 789 1659 permoti
802 1591 859 1644 Bri-

20 1679 28 1690 ·
59 1667 135 1721 taoni
146 1666 218 1720 bunc
229 1665 276 1720 toti
285 1662 358 1720 bello
365 1663 529 1734 impe-ioque
537 1662 718 1734 praalmerant.

117 1741 175 1796 xu.
196 1739 349 1796 Britanniae
361 1755 421 1808 pars
434 1739 539 1794 interior
552 1738 630 1792 abiis
644 1737 774 1801 incolitur,
790 1756 859 1811 quos

62 1824 136 1870 nnus
146 1816 172 1870 in
187 1814 274 1870 insula
292 1814 348 1884 ipsa
363 1814 487 1868 memoria
501 1813 633 1884 proditum
653 1813 756 1881 dicunt;
779 1815 859 1868 mari-

60 1892 124 1946 tima
134 1907 196 1960 pars
207 1890 242 1944 ab
256 1889 300 1951 iis,
322 1888 370 1958 qui
383 1887 493 1959 praedas
505 1905 535 1942 ao
547 1887 610 1943 belli
625 1887 752 1946 inferendi
765 1907 858 1946 caussa

59 1982 93 2022 ex
107 1965 194 2038 belgis
213 1963 386 2029 transierant,
407 1962 454 2034 qui
473 1979 565 2018 omnes
583 1962 686 2020 lamiis
704 1965 858 2020 nominibus

58 2040 197 2095 civitatum
207 2037 384 2110 adpellantur,
393 2037 492 2108 quibus
500 2038 550 2092 orti
560 2055 593 2093 ex
601 2037 750 2096 civitatibus
760 2058 789 2096 oo
800 2059 858 2112 per-

59 2122 189 2172 venerunt
200 2121 226 2170 et
235 2112 306 2168 bello
316 2111 388 2168 illato
396 2111 433 2167 ibi
442 2121 623 2168 remanserunt
635 2123 712 2186 atque
725 2132 800 2188 agros
815 2133 871 2169 co·-

61 2190 113 2244 lers
122 2197 276 2261 coeperunt.
294 2187 436 2242 Hominum
445 2195 485 2242 est
494 2187 595 2242 infinita
607 2188 747 2244 multitudo
755 2191 858 2244 creber-

60 2266 180 2337 rimaque
190 2261 489 2323 redimiatur-attribuis
498 2262 652 2318 oonsimilia:
667 2281 790 2335 pecorum
801 2281 857 2317 ma-

60 2356 130 2412 gnus
139 2355 283 2395 uumerus.
304 2337 418 2392 Utuntur
427 2345 472 2390 aut
480 2354 547 2401 aare,
568 2345 614 2392 aut
622 2337 696 2394 taleis
706 2337 804 2400 ferreis,
823 2337 857 2392 ad

59 2410 160 2470 aenum
170 2411 279 2486 paudus
296 2410 462 2475 examinatis,
482 2428 531 2482 pro
544 2429 663 2468 nummo.
682 2411 803 2466 Nascitur
820 2411 856 2466 ibi

61 2489 204 2560 plumbum
213 2487 307 2542 album
319 2485 347 2541 in
356 2485 571 2542 mediterranneis
580 2486 741 2560 regionibus,
760 2485 786 2538 iu
800 2501 857 2538 ma-

62 2565 156 2619 ritimis
167 2562 284 2626 lerrnm,
299 2559 345 2616 sed
355 2561 518 2632 eiusexigua
527 2560 661 2630 estnopia:
683 2564 857 2612 retentantur

62 2639 209 2710 importato.
231 2636 338 2692 Materia
347 2635 477 2707 cuiusque
488 2635 601 2708 generis,
618 2641 647 2686 ut
660 2632 687 2684 in
698 2629 791 2692 Gallia,
807 2641 855 2692 ost,

645 2721 693 2775 Gt
