2064 2996
338 148 412 194 LIB.
425 150 447 195 1.
478 151 559 198 CAP.
576 153 618 202 5³.
845 165 878 216 35

77 239 205 312 impetum
224 241 342 300 feoerrmt
363 247 455 319 itaque
475 249 563 308 hostes
585 263 690 326 repente
710 259 878 337 celeriterque

72 327 268 384 procurrerunt,
280 327 311 373 ut
320 322 439 391 spatium
448 323 502 394 pila
513 326 540 381 in
553 327 641 384 hostes
658 333 811 391 ooniioiendi
824 358 877 395 non

71 388 183 444 daretur.
199 392 312 447 Reiectis
321 394 395 464 pilis,
406 399 557 456 cornminus
565 402 661 474 gladiis
669 421 706 476 pu
746 416 817 465 atum
827 422 874 468 est:

68 470 92 516 at
103 463 245 530 Germani,
257 467 375 522 celeriter
385 486 421 524 ex
430 477 619 532 consuetudine
632 495 680 533 sua
694 423 825 556 plllange
837 486 876 540 la-

65 545 115 603 cta,
130 539 250 610 impetus
259 540 413 613 gladiorum
424 558 590 618 exceperunt.
611 552 715 623 Reperti
732 564 876 613 suntoom-

64 611 157 682 plures
166 615 254 668 nostri
263 615 371 680 milites,
387 618 437 688 qui
448 619 474 673 in
485 621 629 697 phalangas
639 625 769 684 insilirent
779 638 804 685 ct
815 650 875 687 scu·

65 693 91 738 ta
101 687 232 742 manibus
246 689 404 746 revellerent
418 699 444 746 et
457 692 570 766 desuper
588 699 763 760 vulnerarent.
784 704 874 772 Quum

64 758 186 816 hostium
201 761 272 816 acies
286 781 302 817 a
315 765 428 820 sinistro
441 783 521 823 cornu
539 771 616 841 pulsa
635 782 714 846 aurire
735 779 761 832 in
781 777 809 833 fu
829 799 873 836 arn

61 850 193 890 conversa
203 843 283 902 esset,
298 839 418 894 adextro
426 856 507 896 cornu
522 845 687 904 vehementer
703 797 873 910 multituline

60 925 177 965 suorum
194 917 314 966 nostram
329 913 415 968 aciem
428 916 587 984 premebant.
609 921 638 976 ld
651 940 736 993 quum
752 927 872 983 animad-

60 985 188 1040 vertisset
202 986 231 1038 Ρ.
242 985 356 1040 Crassus
371 986 530 1055 adolescens,
551 993 598 1064 qui
612 997 729 1066 equitatu
742 1011 868 1070 praeerat,

59 1058 135 1128 quod
144 1058 296 1130 expeditior
310 1067 376 1126 erat,
392 1077 475 1132 quam
489 1063 526 1129 hi,
542 1067 589 1137 qui
602 1067 670 1123 inter
684 1072 764 1126 aciem
781 1093 870 1130 versu-

59 1130 176 1198 bantur,
200 1134 305 1200 tertiam
327 1135 414 1190 aciem
435 1134 614 1196 laborantibus
635 1145 731 1200 nostris
750 1147 870 1204 subsidio

59 1206 146 1260 misit.

117 1281 188 1334 LIIl.
208 1282 245 1336 lta
255 1281 393 1354 proelium
403 1283 552 1340 restitutum
562 1296 610 1354 est,
626 1297 704 1362 atque
717 1309 808 1348 omnes
821 1296 869 1350 ho-

62 1359 116 1408 stes
133 1361 207 1428 terga
226 1363 375 1421 verterunt,
396 1373 482 1428 neque
499 1361 574 1430 prius
592 1362 683 1437 iugera
701 1365 865 1432 destiterunt,

62 1444 146 1498 quarn
156 1429 431 1486 adllumenRhenum
441 1432 523 1488 millia
532 1453 661 1506 passuum
670 1441 807 1496 exeoloeo
816 1445 867 1497 oir-

60 1502 127 1556 citer
137 1504 335 1578 quinquaginta
344 1515 531 1576 pervenerunt.
551 1510 590 1563 lbi
601 1514 724 1582 perpauci
740 1521 785 1569 aut
801 1517 867 1570 viri-

59 1576 112 1632 bus
122 1579 215 1633 conlisi
227 1585 397 1634 transnatare
410 1581 606 1647 contenderunt,
627 1592 672 1638 aut
687 1581 871 1653 lintribusfl

5 1669 10 1676 ·
59 1652 148 1706 ventis
163 1652 215 1707 sibi
228 1653 345 1708 salutern
361 1663 521 1723 repererunt.
542 1657 572 1712 ln
587 1657 630 1712 his
644 1657 693 1713 luit
705 1658 863 1729 Ariovistus,

58 1727 117 1797 qui,
129 1726 282 1783 naviculam
294 1726 439 1799 deligatam
450 1728 481 1783 ad
492 1730 577 1802 ripam
587 1739 687 1799 nactus,
700 1750 729 1788 ea
738 1734 863 1810 profugit:

48 1800 176 1873 ,reliquos
193 1819 288 1858 omnes
303 1801 438 1856 consecuti
452 1805 553 1875 equites
571 1807 654 1862 nostri
673 1808 862 1868 interfecerunt.

59 1875 132 1930 Duae
140 1875 386 1932 lueruntAriovisti
396 1879 652 1944 uxores,unaSueva
661 1884 773 1950 natione,
782 1901 864 1958 quarn

57 1948 283 2007 abdomosceum
293 1949 436 2017 eduxerat3
458 1951 536 2008 altera
546 1955 647 2022 Norica,
660 1958 730 2032 regis
740 1959 862 2017 Vocionis

58 2041 137 2090 soror,
149 2043 233 2098 quam
244 2025 272 2079 in
285 2022 375 2078 Gallia
385 2022 503 2092 duxerat,
515 2046 529 2082 a
540 2027 618 2100 lratpe
630 2031 754 2087 missam:
774 2043 862 2092 utrae-

58 2115 108 2168 que
121 2092 148 2155 in
159 2119 189 2155 ea
200 2100 265 2173 fuga
275 2098 423 2168 perierunt.
444 2100 514 2155 Duae
526 2102 595 2158 tiliae
608 2104 712 2173 harum,
729 2107 808 2164 altera
818 2127 865 2168 cc-

34 2178 36 2182 ’
57 2171 115 2238 cisa,
127 2173 207 2229 altera
217 2181 295 2244 capta
306 2177 358 2226 est.
379 2170 409 2226 C.
421 2172 538 2230 Valerius
548 2178 683 2246 Procillus,
694 2198 779 2252 quum
790 2201 805 2237 a
815 2202 862 2238 cu-

57 2247 172 2304 stodibus
192 2250 220 2303 in
236 2247 306 2320 luga
325 2244 403 2298 trinis
421 2249 518 2304 catenis
536 2251 640 2308 vinctus
658 2255 811 2320 traheretur,
833 2258 861 2310 in

58 2321 138 2392 ipsum
149 2324 307 2384 Caesarem,
320 2319 404 2372 hostis
414 2321 529 2392 equitatu
538 2335 748 2398 persequentem,
760 2329 859 2382 incidit.

7 2413 10 2420 ·
56 2395 121 2462 Quae
130 2398 245 2472 quidem
259 2412 305 2449 res
316 2392 420 2448 Caesari
431 2411 482 2450 non
495 2399 633 2464 minorem,
650 2417 731 2471 quam
745 2403 802 2471 ipsa
819 2403 861 2455 vi·

38 2473 135 2538 cteris,
160 2471 333 2542 voluptatem
349 2467 450 2534 adtulit,
470 2472 541 2542 quod
555 2473 691 2528 hominem
705 2475 860 2529 honestissi-

55 2562 122 2600 mum
132 2545 294 2618 provinciae
304 2540 414 2604 Galliae,
430 2536 510 2598 suum
519 2544 675 2600 familiarem
685 2553 710 2599 et
718 2546 857 2622 hospitem,

54 2629 195 2694 trophimo
210 2616 345 2674 manibus
359 2615 486 2684 hostium,
507 2619 558 2674 sihi
574 2619 723 2672 restitutum
743 2619 857 2672 videbat.

644 2707 695 2759 C‘Z
