2072 2998
95 99 98 108 Κ
185 96 287 190 Μ’
386 137 766 211 ἱυιῑΒΕιιοοιΑιιιοο

184 243 285 296 nullum
293 242 448 304 desiderare,
454 243 522 309 qnod
530 241 623 294 holere
631 243 741 293 oirtorie
747 246 840 306 ponet,
847 247 980 308 quoeiunr

185 324 248 370 eeeet
261 317 311 370 eibi
327 323 403 384 etque
416 317 531 368 omnibus
547 313 631 368 Gallie
649 316 799 380 explorato:
819 319 884 382 quin
902 320 981 370 eliom

184 395 249 459 ipeie
258 393 393 454 remittere,
404 394 428 444 ei
436 391 576 456 eilimooie
585 390 703 442 honorent
718 390 835 450 tribuere,
853 405 933 457 quom
947 394 981 445 ol

185 468 327 520 tenultatem
336 469 452 532 occipere
463 466 607 517 rideantur.
626 462 696 516 Haeo
710 471 740 516 nt
752 464 918 530 intellegatis,
939 463 981 519 in-

186 540 252 612 quil,
265 559 283 596 o
291 557 330 593 me
338 544 437 593 sineere
442 539 623 606 pronunciari,
636 541 724 591 nectite
733 536 861 590 lioneonoe
873 541 978 593 militer.

185 613 307 670 Producit
316 629 414 676 servos,
428 628 494 684 quoe
504 611 532 666 in
541 609 706 681 pabulatione
715 610 805 682 paucis
814 617 875 665 ente
884 611 979 667 diebus

186 695 320 760 exeeperat
332 694 357 740 et
370 684 439 740 lame
454 684 620 758 vinculisque
636 685 837 740 excruciaverat.
862 686 906 752 Hi,
927 686 980 742 iem

188 770 246 818 ante
258 761 349 824 edocti,
371 777 438 832 quae
451 759 599 834 interrogati
612 759 823 831 pronunciarent,
845 764 941 818 militer
955 781 982 817 ee

188 855 240 894 eree
260 840 413 913 lepionorioe
431 834 534 898 dicunt:
555 841 621 900 {ome
634 843 658 888 et
672 838 760 904 inopia
772 839 901 890 Monetae
915 840 983 892 olom
1021 845 1022 902 l

187 929 221 966 en
232 915 325 965 nostrie
335 913 426 974 exiere,
446 916 471 965 ei
484 913 547 979 qnid
558 913 681 980 {rumenti
693 917 739 964 ool
749 914 854 977 peeoris
866 915 897 965 in
909 917 982 980 apris

187 989 301 1053 reperire
310 993 427 1052 portent:
446 987 526 1039 eimili
534 1000 631 1038 omnem
640 987 781 1053 enereitnm
789 988 880 1052 inopio
885 991 981 1053 premi,

187 1077 234 1116 nee
243 1063 296 1114 inm
308 1064 376 1114 oiree
387 1062 504 1128 ruilicere
517 1065 646 1128 cuiquam,
664 1073 710 1112 neo
723 1063 791 1128 {erre
807 1063 894 1126 operte
909 1062 982 1115 lobo-

187 1151 241 1190 rem
247 1151 335 1202 poert:
354 1138 569 1202 itaquoetotuieee
578 1137 763 1202 imperatorem,
779 1137 804 1186 ei
813 1135 880 1187 ninii
892 1138 922 1190 in
936 1153 983 1204 op-
1022 1144 1023 1216 t

186 1213 343 1278 praenotione
355 1212 442 1277 oppidi
453 1213 611 1277 profecisset,
637 1211 723 1262 triduo
741 1212 884 1262 exereitum
902 1213 983 1264 declw

190 1301 256 1339 eere.
276 1283 355 1347 llere,
367 1283 461 1354 inquit,
472 1301 490 1336 n
498 1299 545 1345 me,
557 1281 760 1354 Vercingetorix,
773 1284 895 1351 beneficio
904 1287 984 1339 halte-

190 1364 230 1422 εἰς,
245 1376 318 1428 quem
324 1359 651 1427 proditionieineimulolie,
663 1360 736 1411 eteius
745 1373 824 1424 opero
832 1361 889 1412 eine
897 1367 985 1414 oestro

189 1438 313 1505 eonomine
331 1442 430 1490 tontum
442 1435 584 1487 enereitnm
596 1436 718 1486 victorem
735 1435 802 1500 forne
817 1449 902 1499 poene
922 1449 985 1488 eon-
1023 1494 1024 1502 χ

188 1518 299 1565 euntem
308 1513 415 1564 violetis:
434 1523 515 1577 qoem,
527 1511 637 1574 turpiter
646 1523 673 1559 ee
682 1523 716 1560 en
724 1509 773 1560 loe
781 1510 844 1576 [opo
854 1511 985 1576 reeipien-

191 1599 247 1649 tem,
267 1602 299 1639 ne
313 1602 365 1657 ouo
379 1586 471 1640 cinitot
482 1585 538 1637 trie
554 1584 647 1650 finibus
661 1585 779 1648 recipiat,
799 1597 818 1634 n
835 1597 876 1635 me
889 1589 987 1649 proei-

190 1677 246 1715 eum
255 1669 301 1714 eet.
389 1665 391 1673 ’

244 1733 317 1790 XXI.
338 1731 488 1788 Conclamat
496 1729 582 1786 omnis
596 1727 746 1794 multitudo,
761 1735 787 1783 et
799 1745 989 1785 euomorenr-

191 1810 243 1864 mis
253 1816 400 1878 eoncrepat;
421 1805 493 1878 quod
502 1803 584 1860 lacere
592 1803 919 1868 innocensueruntcuius
927 1803 989 1862 ora-
1020 1819 1021 1824 ’

190 1883 287 1936 tionem
298 1881 454 1952 adprobant3
476 1897 612 1935 summum
622 1896 678 1934 esse
688 1878 925 1952 Vercingetorigem
934 1879 990 1934 du-

191 1973 257 2019 uem,
278 1973 325 2010 nec
335 1955 367 2008 de
378 1956 434 2010 eius
444 1954 495 2010 lide
506 1953 695 2021 dubitandum
715 1969 763 2008 nee
774 1953 872 2009 meiere
885 1955 990 2010 ratione

191 2027 291 2084 bellum
306 2029 483 2083 administrari
496 2045 582 2099 posse.
602 2029 733 2094 Stetuunt,
752 2036 782 2084 ut
796 2027 886 2084 deeem
899 2029 990 2084 millia

192 2102 331 2158 hominum
343 2101 439 2158 delecto
452 2120 485 2158 ex
498 2103 622 2158 omnihus
635 2104 716 2176 copiis
730 2102 759 2158 in
771 2103 901 2175 oppidum
920 2105 991 2160 sub-

192 2178 337 2243 mittantur,
360 2194 407 2234 neo
425 2175 488 2232 eolis
505 2177 668 2252 Biturigibus
685 2195 852 2233 communem
871 2176 992 2234 sulutem

192 2253 402 2310 committendam
412 2259 530 2321 censent3
551 2253 621 2324 quod
632 2270 712 2324 penes
721 2269 774 2318 eos,
786 2251 809 2307 ei
818 2252 846 2307 id
855 2253 992 2324 oppidum

193 2328 369 2394 retinuissent,
381 2345 515 2384 summum
524 2326 646 2382 victoriae
658 2335 776 2382 onustare
788 2325 993 2401 intellegebant.

246 2405 330 2460 XXII.
351 2401 483 2478 Singulari
492 2400 608 2456 militum
617 2409 764 2456 nostrorum
773 2401 864 2458 virtuli
874 2401 992 2458 consilia

193 2481 322 2553 cuiusque
340 2479 412 2535 modi
431 2475 566 2534 Gallorum
575 2475 753 2534 occurrebant.
773 2483 804 2531 ut
815 2483 994 2532 estsummee

154 2550 156 2560 '
193 2554 423 2628 genus'sollertiae
439 2560 517 2626 etque
526 2549 560 2606 ed
569 2548 657 2604 omnia
667 2549 792 2606 imitanda
801 2557 826 2604 et
838 2549 992 2616 efficienda,

194 2646 261 2701 quoe
270 2629 304 2684 eb
313 2646 419 2704 quoque
427 2627 571 2692 tradantur,
581 2624 758 2697 aptissimum.
771 2619 838 2680 Noni
848 2633 874 2680 et
883 2624 994 2698 lequeie
