2072 2998
287 131 361 176 LIB.
375 129 441 176 vm.
473 131 554 179 cnP.
568 132 591 177 8.
607 133 630 177 9.
809 129 859 182 209

55 231 170 295 veniret,
190 228 364 286 offerreseed
374 228 565 296 dimicandum,
586 248 620 286 ne
629 231 801 287 miseriorem
810 232 862 288 du-

54 307 125 360 riore
133 309 226 378 posteo
235 303 385 360 conditione
393 322 455 360 eum
465 313 517 360 toto
526 305 640 360 exercitu
646 305 776 362 decertare
785 324 861 381 eoge-

55 387 162 436 rentur:
185 378 209 432 si
220 378 333 434 maiores
342 379 429 450 copias
439 379 586 444 adduoorat,
604 381 631 434 in
647 397 677 434 eo
693 379 747 434 loeo
757 397 861 450 perma-

1 470 3 479 ·
47 471 127 519 nere,
140 470 224 526 quem
236 451 409 527 delegissent3
429 453 598 526 pabulatione
609 463 707 519 eutem,
719 471 787 526 quoe
799 471 860 526 pro-

55 537 113 600 pter
126 527 192 582 anni
202 535 310 600 tempus
323 543 409 600 quum
422 528 520 602 exigua
537 535 596 583 tum
610 529 717 583 disiecta
736 537 813 594 esset,
835 539 861 583 et

55 601 263 658 frumentatione
271 609 297 658 et
305 601 408 674 reliquo
416 611 563 658 commeatu
572 621 605 659 ex
613 603 717 659 insidiis
721 603 861 674 prohibero

57 678 201 735 Romanos.

111 752 180 808 Vlll.
201 749 275 816 Quae
289 749 385 806 Caesar
397 751 621 808 consentientibus
635 752 759 824 pluribus
773 768 860 825 quum
934 735 938 746 ¹

55 825 238 899 cognovisset,
260 832 341 896 etque
358 841 401 891 ea,
422 842 491 897 quoe
508 835 729 898 proponerentur,
751 827 861 884 oonsilio

55 899 134 972 plena
144 897 301 971 prudentiae
310 897 441 973 longeque
455 917 470 956 e
484 901 627 956 temeritate
635 901 810 957 barbarorum
819 919 861 956 re-

56 981 128 1030 mota
137 990 197 1029 esee
206 972 346 1028 iudiearet:
367 974 493 1030 omnibus
506 975 586 1032 rebus
596 975 795 1032 inserviendum
807 985 861 1032 sta-

55 1050 117 1114 tuit,
137 1064 193 1120 quo
206 1046 317 1103 celerius
334 1047 426 1113 hostis,
446 1057 576 1106 contemto
591 1068 702 1106 suorum
719 1053 859 1124 penante,

55 1123 175 1198 prodiret
187 1123 215 1178 in
224 1123 326 1178 ooiemr·
342 1122 487 1198 singularis
500 1125 572 1180 enim
586 1125 693 1181 virtutis
707 1127 860 1181 veterrimas

54 1197 176 1275 legiones
189 1197 246 1262 vn,
269 1197 329 1254 vul
343 1204 369 1254 et
383 1198 423 1254 lx
435 1197 561 1268 habebat3
583 1217 704 1256 summae
718 1201 773 1273 spei
790 1200 862 1256 delo-

53 1282 169 1344 etaeque
186 1271 332 1328 iuventutis
344 1272 522 1338 undecimam,
543 1290 620 1346 qnae,
640 1282 731 1330 oetnvo
744 1276 797 1330 inm
811 1276 862 1329 sti-

53 1347 157 1422 pendio
174 1345 278 1412 iuncta,
300 1353 386 1402 tamen
405 1346 541 1403 collatione
559 1347 723 1418 reliquarum
742 1349 860 1404 nondum

52 1421 180 1480 eamdem
189 1421 328 1477 vetustatis
338 1437 368 1478 se
376 1421 482 1478 virtutis
487 1422 756 1493 oepemtopinionem.
770 1423 862 1494 Itaque

53 1495 172 1554 oonsilio
181 1495 315 1562 advocato,
337 1495 417 1552 robus
427 1496 469 1560 iis,
493 1495 859 1568 quaeadseassentdelatae,

53 1571 187 1630 omnibus
200 1571 338 1643 expositis,
353 1570 457 1626 animos
472 1568 652 1624 multitudinis
665 1569 813 1624 oonflrmat.
833 1570 861 1624 Si

52 1649 125 1705 forte
137 1645 228 1702 hostes
242 1645 324 1702 trium
338 1644 475 1732 legionum
490 1661 601 1700 numem
615 1651 703 1716 posset
717 1644 810 1698 elioere
828 1644 860 1698 ad
890 1667 894 1681 ι

52 1719 254 1785 dimicandum,
272 1719 517 1794 ogminrsordinem
532 1720 568 1775 ito
587 1719 729 1784 eonstituit
751 1726 781 1773 ut
794 1717 863 1792 legio

51 1797 117 1861 vu,
140 1790 213 1859 vlu,
233 1794 273 1850 IX
285 1801 346 1852 onte
358 1795 449 1850 omnia
463 1794 532 1850 irent
545 1793 747 1866 impedimenta3
767 1792 863 1848 deinde

52 1867 184 1929 omnium
193 1868 442 1941 impedimentorum
451 1885 546 1943 agmen
556 1868 638 1942 (quod
646 1875 734 1924 umen
743 1876 798 1923 erat
807 1885 864 1922 me·

53 1947 157 2009 diacre,
174 1951 205 1998 ut
214 1942 242 2000 in
250 1943 683 2018 expeditionihnseeeooonsuevit)
700 1950 803 2018 ungeret
811 1961 864 1998 nn·-

53 2019 173 2080 decima,
186 2035 221 2074 ne
230 2018 339 2074 maioris
349 2017 530 2073 multitudinis
539 2018 640 2091 speeies
654 2017 770 2074 aonidere
779 2018 864 2078 hosti-

53 2098 109 2154 bus
116 2100 215 2167 posset,
222 2109 306 2166 quam
315 2093 368 2165 ipsi
377 2092 600 2165 depoposcissent.
611 2094 664 2148 Hae
673 2094 773 2150 ratione
781 2109 864 2166 poene

53 2169 189 2245 quadrato
208 2167 316 2241 agmine
334 2167 476 2233 instructo,
498 2167 527 2222 in
545 2175 714 2240 conspectum
734 2169 861 2232 hostium,

52 2243 171 2304 celerius
181 2241 307 2314 opinione
315 2251 418 2308 eorum,
429 2241 573 2298 exercitum
583 2242 697 2298 adducit.

112 2319 166 2376 IX.
186 2317 278 2384 Quum
295 2323 403 2388 repente
421 2316 562 2372 instruetur
582 2317 655 2373 velut
674 2318 702 2371 in
722 2317 778 2372 onio
794 2323 864 2369 oarto

53 2392 144 2472 gradu
157 2390 278 2467 legiones
294 2391 415 2448 amedero
429 2389 500 2446 Galli
513 2391 640 2456 viderent,
661 2405 777 2462 quorum
791 2396 866 2443 erant

55 2471 90 2527 ad
101 2469 244 2527 Caesarem
254 2464 333 2538 plena
347 2464 459 2521 tiduoioe
470 2465 579 2522 oonsilio
591 2463 697 2537 perlato
718 2464 866 2522 sivecerto-

55 2545 142 2602 minis
155 2539 285 2616 periculo,
305 2541 363 2595 eive
374 2539 463 2596 subito
477 2539 602 2605 adventu,
618 2555 665 2593 seu
674 2538 867 2609 exspectatione

57 2620 144 2678 nostri
159 2614 277 2681 consilii,
299 2614 388 2686 eopias
407 2614 543 2678 instntunt
558 2631 607 2687 pro
623 2610 728 2679 castris.
750 2627 798 2668 neo
811 2610 867 2668 loeo

97 2713 150 2767 Iun.
163 2707 238 2764 cars.
515 2779 518 2785 Ι
678 2701 701 2758 0
