2072 2998
163 155 213 209 260
395 160 444 204 DE
463 161 588 206 BELIrO
608 159 729 206 CIVILI

163 276 274 334 magnos
283 259 396 331 impetus
405 259 538 332 legionum
548 259 733 333 equitatusque
741 261 861 315 sustinet
882 260 963 316 Com-

163 337 247 391 misso
256 334 289 389 ab
298 335 432 406 equitibus
438 334 545 405 proelio,
552 335 628 408 signe
635 335 749 390 duarum
757 334 964 408 legionumpu-

164 410 208 466 cul
217 410 251 466 eb
262 410 382 480 utrisque
391 409 598 480 conspiciuntur,
610 427 677 482 ques
688 409 719 466 C.
729 409 828 464 Fabius
837 409 964 466 ulteriore

163 493 243 560 ponte
252 484 372 540 subsidio
382 483 476 538 nostris
486 485 600 550 miserat,
612 483 763 557 suspicatus
771 483 826 539 lore
834 483 873 551 id,
889 486 964 557 quod

124 555 130 574 ¹
164 560 266 625 accidit,
287 567 318 614 ut
332 560 412 614 duces
427 557 635 614 adversarionrm
647 559 782 614 occasione
794 566 821 613 et
834 559 964 616 beneficio

163 635 283 691 fortunae
301 633 335 689 ud
353 641 455 689 nostros
473 633 658 704 opprimendos
670 641 819 688 uterentur:
844 651 963 707 quarum

164 711 280 766 adventu
288 707 420 780 proelium·
426 707 561 764 dirimitur
569 725 599 763 ac
607 717 788 781 suesuterque
796 707 965 783 legionesre-

164 786 238 842 ducit
249 784 277 838 in
286 789 374 838 castra
755 787 761 796 '

167 913 170 918 ,
219 858 289 912 XLI.
309 855 348 912 Ec
364 856 446 911 biduo
465 855 636 913 Caesareum
655 857 790 929 equitibus
808 860 961 932 nongentis,

164 949 233 1004 quos
241 930 293 986 sibi
302 930 433 1002 praesidio
443 931 591 1004 reliquerat,
603 933 631 987 in
640 939 724 987 cestre
731 932 862 1004 peruenit.
880 934 961 998 Pons,

164 1008 213 1079 qui
221 1005 306 1062 fueret
314 1012 466 1078 tempestate
479 1007 649 1078 interruptus,
670 1023 753 1079 peene
767 1014 822 1062 erat
835 1006 962 1062 releoem:

163 1081 237 1137 hunc
246 1087 324 1135 noctu
333 1080 423 1152 perfici
433 1081 518 1136 iussit.
537 1082 605 1153 lpse,
616 1081 846 1155 cognitelccorum
855 1091 962 1146 nature,

162 1155 238 1228 ponti
248 1155 393 1228 castrisque
403 1155 535 1229 praesidio
547 1173 596 1212 sex
608 1156 721 1212 cohortis
737 1155 865 1228 relinquit
883 1165 964 1230 etque

163 1230 253 1286 omnia
262 1229 457 1302 impedimenta,
469 1237 494 1286 et
503 1239 606 1304 postero
614 1231 791 1286 dieomnibus
804 1231 899 1303 crpiis.
916 1234 965 1286 tri-

162 1303 227 1378 plici
235 1305 362 1361 instructa
374 1306 437 1372 acie,
457 1306 491 1361 ad
504 1305 617 1360 Ilerdam
630 1305 802 1377 proficiscitur
815 1313 842 1360 et
857 1307 912 1361 sub
920 1324 965 1361 cu-

162 1380 226 1438 stris
234 1379 336 1438 Afranii
343 1381 472 1438 consulit:
491 1389 525 1446 et,
540 1380 577 1435 ibi
586 1380 731 1452 paullisper
743 1379 795 1434 sub
807 1381 892 1435 ermis
905 1399 964 1436 mo-

162 1463 246 1522 ratus,
259 1453 321 1512 lecit
333 1473 417 1530 nequo
430 1455 486 1512 loco
498 1456 636 1541 pugnandi
651 1461 813 1528 potestatem.
833 1456 964 1511 Potestete

162 1531 239 1598 lude.
246 1530 371 1588 Afranius
379 1532 466 1605 copias
474 1531 562 1586 edumt
570 1539 596 1586 et
605 1531 634 1585 in
642 1530 731 1586 medic
738 1529 804 1584 colle
809 1531 863 1584 sub
868 1532 964 1585 cestris

87 1630 91 1638 ¹
164 1608 306 1664 constituit
334 1608 437 1672 Caesar,
458 1606 505 1662 ubi
517 1606 648 1679 cognovit,
668 1622 715 1677 per
728 1603 867 1661 Afranium
880 1613 961 1669 stare,

164 1699 218 1754 quo
234 1683 324 1738 miuus
342 1681 440 1755 proelio
457 1681 633 1745 dimicaretur,
656 1680 691 1735 ab
709 1679 810 1735 infimis
826 1679 963 1736 radicibus

164 1758 271 1822 montis,
283 1758 440 1813 intermissis
449 1757 550 1812 circiter
559 1755 683 1828 passibus
692 1754 904 1828 quadringentis,
919 1772 963 1810 ce-

164 1841 217 1888 stra
227 1831 309 1888 lacere
320 1833 469 1888 constituit:
493 1839 527 1897 et,
548 1849 582 1886 ne
593 1831 622 1886 in
634 1847 713 1902 opere
724 1828 849 1885 faciundo
864 1829 962 1885 milites

164 1907 300 1978 repentino
316 1907 433 1964 bostium
452 1907 562 1962 incursu
580 1911 867 1977 exterrerenturetque
884 1921 961 1977 opere

163 1980 373 2051 prohiberentur,
393 1981 464 2037 vello
480 1981 580 2036 muniri
598 1980 689 2046 vetuit,
711 1977 785 2054 quod
801 1979 918 2034 eminere
935 1985 960 2032 et

162 2053 254 2126 procul
264 2053 348 2108 videri
358 2073 462 2110 neoesse
473 2064 541 2124 eret;
561 2055 609 2110 sed
626 2054 738 2112 alronte
749 2061 838 2109 contra
857 2053 959 2109 husten

163 2127 261 2200 pedum
272 2128 424 2198 quindecim
433 2129 531 2185 fossum
541 2129 597 2184 fieri
605 2131 691 2185 iussit
711 2129 798 2184 Primo
806 2137 833 2184 et
844 2128 959 2184 secunda

164 2204 231 2258 acies
241 2201 269 2257 in
278 2203 368 2268 ermis,
380 2211 411 2259 ut
419 2205 453 2260 ab
464 2205 538 2259 initio
546 2207 686 2260 constituto
697 2211 759 2269 erut,
774 2204 957 2275 permanebat:

163 2285 223 2353 post
231 2277 279 2333 bos
287 2294 355 2350 opus
368 2279 397 2332 in
411 2277 511 2334 ocurlto
523 2295 539 2333 a
552 2280 627 2334 tertia
640 2281 695 2334 ecio
707 2278 792 2334 fiebat.
820 2277 865 2333 Sic
882 2295 959 2334 omne

164 2356 239 2428 prius
248 2362 288 2410 eet
295 2351 448 2427 perlectum,
459 2371 540 2428 quem
549 2352 741 2429 intellegeretur
750 2351 907 2420 menenio,
916 2370 958 2408 ce-

165 2439 219 2486 Sll'fl
229 2429 339 2486 munlrl.
446 2460 455 2479 ι

218 2506 301 2560 XLII.
320 2504 378 2561 Sub
390 2521 528 2577 vesperum
538 2503 632 2558 (leesor
647 2501 716 2558 intre
729 2502 798 2558 benc
809 2501 909 2558 lossem
922 2502 957 2558 lc-

163 2579 256 2650 gicnes
265 2580 365 2636 reducit
373 2587 452 2653 etque
464 2580 502 2635 ibi
515 2578 567 2633 snb
580 2577 662 2632 armis
675 2578 796 2649 proxime
808 2586 884 2632 noete
896 2594 957 2633 ocn-

164 2653 284 2724 quiesoit.
309 2655 414 2711 Postero
427 2655 471 2712 die
487 2669 592 2710 omnem
611 2653 755 2708 exercitum
774 2654 841 2707 intre
860 2652 956 2708 fossam
