2064 2996
302 157 377 202 ΜΒ.
390 157 436 206 Ν.
466 161 548 207 CAP.
561 163 605 208 ²2.
815 166 849 217 83

54 253 113 310 nari
127 253 207 329 longe
225 255 382 326 preernittit
411 257 479 313 lluio
501 259 619 326 mandat,
640 263 689 327 uti,
708 265 850 336 exploratis

52 329 171 385 omnibus
180 329 279 395 rebus,
299 329 336 384 ad
350 347 380 386 se
389 347 471 402 quam
480 333 599 404 primum
614 343 771 394 revertatur:
793 341 849 412 ipse

51 419 106 457 urm
114 404 245 460 omnibus
254 403 339 475 copiis
350 404 378 460 in
388 405 502 462 Morinos
510 408 693 480 proficiscitur,
706 413 778 482 quod
788 414 850 472 inde

48 487 98 532 erat
105 478 287 536 brevissimus
297 479 327 534 in
337 479 501 548 Britanniam
514 483 681 540 transieotua.
700 486 849 544 llucnaves

47 551 165 625 undique
183 567 218 608 ex
237 552 365 608 finitimis
382 555 535 627 regionibus
552 563 590 624 et,
612 573 695 631 wem
714 562 849 632 superiore

44 634 139 682 aestate
158 626 195 682 ad
213 626 373 682 Veneticum
391 627 490 684 bellum
511 629 618 697 lecerat,
642 632 754 690 classem
775 635 848 690 iubet

44 703 195 758 convenire.
225 701 353 765 Interim,
374 702 483 760 consilio
497 706 554 760 eius
568 706 707 780 cognito'et
717 725 767 782 per
776 725 847 764 mer·

43 783 140 832 tutores
149 774 253 848 perlato
263 775 299 832 ad
307 775 457 844 Britannos,
479 795 493 832 e
508 779 690 852 compluribus
702 783 761 838 eius
770 783 847 839 inau-

44 848 81 904 lae
92 849 249 905 civitatibus
258 849 294 924 ad
303 867 367 906 eum
381 849 459 937 legati
471 853 594 921 veniunt,
614 857 662 927 qui
671 855 846 928 polliceantur

41 924 147 980 obsides
156 925 312 996 darentque
321 924 434 996 imperio
442 926 843 1004 populillomaniobtemperare.

41 997 146 1064 Quibus
155 999 256 1054 auditis
269 998 414 1054 liberaliter
422 1001 555 1072 pollicitus
568 1002 753 1078 hortanteque,
774 1008 844 1064 utin

41 1089 68 1128 ea
78 1073 211 1130 sententia
220 1081 417 1145 permanerent,
427 1091 471 1130 eos
481 1075 590 1132 domum
600 1081 722 1149 remittit,
743 1089 769 1137 et
780 1098 843 1138 curn

41 1147 81 1204 his
90 1166 148 1204 una
159 1148 325 1213 Commium,
342 1165 422 1220 wem
437 1150 503 1222 ipse,
519 1152 688 1210 Atrebatibus
700 1157 840 1228 superatis,

40 1239 132 1296 regem
143 1223 180 1277 ibi
190 1223 377 1288 constituerat,
399 1225 475 1279 cuius
485 1233 510 1280 et
522 1226 648 1284 virtutem
661 1236 688 1284 el
700 1230 843 1286 consilium

41 1297 183 1365 probabat,
199 1303 225 1352 et
235 1297 381 1369 quamsibi
393 1297 497 1355 fidelem
506 1301 691 1369 arbitrabatru,
711 1304 843 1376 cuiusque

40 1373 182 1426 auctoritas
201 1372 229 1427 in
249 1372 287 1426 iis
296 1372 451 1445 regionibus
467 1375 560 1448 magni
578 1375 734 1443 habebaltu,
750 1380 840 1435 mittit.

41 1445 240 1518 lluioimperat,
255 1447 427 1519 quasposeit,
448 1447 650 1506 edeatcivitates
659 1451 839 1524 noteturque,

40 1530 66 1575 ut
77 1521 172 1593 populi
186 1521 302 1578 Romani
318 1519 398 1577 fidem
412 1531 571 1595 sequentur;
592 1525 799 1594 eequeoeleriter
811 1544 842 1582 eo

39 1603 183 1652 venturum
197 1596 317 1652 nunciet.
346 1596 505 1663 Volusenus,
525 1597 667 1669 perspecti
677 1598 838 1672 regionibus,

38 1678 172 1742 quantum
182 1671 207 1726 ei
217 1669 351 1726 facultatis
360 1670 417 1726 dari
425 1673 521 1743 potuit,
536 1672 585 1746 qui
596 1672 658 1727 navi
668 1671 755 1746 egredi
769 1689 799 1727 ao
811 1691 841 1729 se

38 1745 159 1802 barbaris
168 1746 335 1801 committere
346 1745 526 1822 nonautleret,
547 1746 736 1820 quintndieed
746 1746 841 1802 Caesa·

38 1838 94 1876 rem
103 1821 260 1887 revertitur;
276 1837 399 1892 quaeque
408 1821 446 1876 ihi
455 1823 640 1896 perspexisset,
655 1821 801 1878 renunciat.

90 1895 181 1950 xxu.
200 1894 838 1969 numrnooroesumuumpmnnmm
943 1878 945 1884 ’

35 1987 130 2025 musea
148 1977 279 2035 moratur,
300 1986 335 2024 ex
354 1986 396 2024 ma
435 1979 537 2043 aparte
549 1971 712 2028 Morinorum
725 1972 760 2028 ad
774 1991 838 2030 eum

36 2044 271 2117 legativenerunt,
291 2044 340 2116 qui
354 2061 383 2099 se
409 2047 578 2117 esuperiorie
591 2048 716 2119 temporis
725 2048 839 2104 *oonsilio

36 2127 202 2184 exornarent,
219 2117 426 2190 quodhominee
434 2119 687 2178 barbaricinostrae
694 2129 837 2178 consuetu·

36 2191 348 2265 dinisirnperitihellum
361 2192 460 2264 populo
469 2195 587 2250 Romano
599 2194 733 2262 fecissent,
754 2213 837 2267 seque

36 2285 75 2332 ee,
94 2267 342 2340 queeimpereseet,
363 2265 476 2322 facturos
494 2265 686 2340 pollicerentur.
717 2271 771 2325 lloo
783 2269 837 2324 sibi

37 2342 257 2415 satisopportune
267 2339 498 2398 Caesareooidisee
506 2343 656 2411 arbitrante,
666 2342 740 2416 quod
748 2358 838 2412 nque

39 2423 94 2484 post
112 2423 219 2490 tergum
237 2415 343 2471 hostem
362 2413 510 2488 relinquere
530 2418 642 2483 volebat,
667 2431 755 2485 neqm
771 2413 837 2470 belli

40 2490 144 2561 gerendi
153 2488 452 2562 propterannitempue
460 2488 610 2548 facultatem
619 2489 742 2571 habebat.
749 2504 837 2572 neque

41 2563 84 2619 has
101 2564 269 2620 tenurhrum
292 2579 384 2620 mna
405 2566 588 2637 occupationes
613 2562 667 2616 eibi
686 2561 837 2616 Britanniae

41 2637 233 2714 anteponendas
245 2637 389 2706 iudicabat,
402 2655 533 2714 magnum
546 2638 590 2694 his
603 2632 729 2691 obsidum
741 2650 851 2722 nume-¹
