2072 2998
317 158 389 202 LIB.
403 158 425 202 1.
456 155 534 202 ΟΔΡ.
547 155 589 201 43.
602 158 646 202 44.
829 153 874 208 ‘ttl

74 260 202 317 continet
211 264 245 323 et,
257 256 330 328 quod
339 255 445 330 longius
453 263 507 312 erat
519 272 599 331 agger
611 255 747 328 petendus,
764 257 792 312 in
806 275 882 330 prae-

74 335 169 392 sentia
190 330 307 387 similem
323 331 450 386 rationem
468 331 554 404 operis
573 330 700 396 instituit,
723 331 881 404 singulaque

75 411 319 466 lateracastrorum
327 405 441 479 singulis
447 406 572 462 adtribuit
581 405 728 479 legionibus
738 405 882 465 munienda

75 485 227 554 fossasque
238 479 272 536 ed
285 480 403 535 eamdem
414 480 623 554 magnitudinem
632 479 722 552 perfici
735 479 820 536 iubet:
841 497 882 535 re-

77 561 175 632 liques
183 554 300 629 legiones
308 555 336 609 in
346 550 426 610 armis
435 553 777 627 expeditascontralrostem
786 556 882 610 consti-

77 637 144 690 tuit.
159 629 290 688 Afranius
299 629 476 702 Petreiusque,
486 629 698 684 terrendicaussa
707 636 785 701 atque
796 631 882 702 operis

80 704 262 781 impediendi,
278 704 367 774 copias
376 721 439 758 suas
448 704 481 760 ed
490 705 596 759 infimas
606 704 703 759 montis
713 703 811 759 radices
820 721 884 777 pro-
953 711 957 718 '

81 784 192 838 ducunt
204 786 231 834 et
238 777 336 850 proelio
345 777 484 834 laoessunt.
504 780 596 850 Neque
606 779 701 834 idcirco
713 778 807 834 Caesar
815 795 882 852 opns

83 853 247 918 intermittit,
257 853 373 908 conlisus
379 853 510 925 praesidio
518 853 652 928 legionum
663 853 743 908 trium
756 861 782 908 et
793 855 883 908 muni-

82 927 264 988 tionefossae.
288 926 331 982 Illi
349 944 402 983 non
420 927 467 982 diu
485 928 647 994 commorati,
666 945 715 984 nec
728 927 834 1004 longius
850 929 883 982 ab

84 1008 184 1063 infimo
192 1000 259 1058 mlle
266 1001 408 1075 progressi,
420 1003 507 1074 copias
516 1004 545 1056 in
554 1010 637 1057 castra
645 1003 783 1058 reducunt.
798 1003 883 1058 Tertio

85 1082 131 1136 die
143 1081 242 1136 Caesar
254 1075 326 1131 vallo
338 1082 422 1132 castra
436 1076 594 1133 communit:
619 1075 734 1150 reliquas
755 1078 880 1142 cohortes,

86 1173 157 1229 quas
168 1153 197 1209 in
206 1151 385 1224 superioribus
390 1151 481 1208 cestris
490 1151 639 1224 reliquerat,
645 1152 884 1226 impedimentaque

87 1230 121 1285 ad
130 1247 161 1284 se
170 1225 305 1282 nmsduci
312 1225 394 1280 iubet

143 1301 240 1360 XLIII.
260 1301 324 1356 Erat
340 1300 408 1356 inter
419 1300 547 1372 oppidum
561 1299 672 1356 Ilerdam
688 1308 715 1357 et
731 1302 884 1373 proximum

89 1377 195 1442 collem,
215 1374 264 1431 ubi
277 1381 361 1430 casca
373 1375 587 1448 Petreius'atque
605 1373 729 1432 Afranius
742 1376 881 1441 habebant,

89 1452 214 1526 planities
227 1449 328 1504 circiter
346 1467 474 1522 passuum
494 1455 681 1505 trecentorum:
701 1457 780 1521 atque
794 1451 822 1503 in
835 1450 884 1505 hoc

92 1527 145 1583 iere
154 1523 242 1582 metlio
251 1525 335 1596 spatio
344 1523 465 1580 tumulus
477 1531 531 1580 erat
542 1523 632 1594 paullo
640 1523 747 1578 editior:
768 1539 847 1594 quem
861 1525 885 1577 si

92 1606 246 1674 occupasset
256 1599 351 1656 Caesar
363 1606 388 1654 et
401 1599 598 1663 communisset,
619 1597 653 1652 ab
662 1597 760 1669 oppido
770 1605 795 1651 et
807 1605 886 1668 ponte

93 1685 119 1732 et
128 1680 275 1730 commeatu
287 1673 370 1739 omni,
388 1691 468 1746 quem
483 1674 512 1728 in
526 1672 653 1744 oppidum
665 1671 836 1737 contulerant,
857 1683 886 1726 ee

96 1748 300 1804 interclusurum
318 1748 480 1803 adversarios
502 1747 655 1804 confidebat
693 1749 747 1802 Hoc
766 1764 883 1818 sperans,

96 1824 211 1898 legiones
219 1830 272 1878 tres
285 1841 318 1878 ex
328 1823 419 1878 castris
428 1822 524 1888 educit,
545 1823 652 1894 acieque
665 1821 693 1877 in
707 1821 771 1876 locis
784 1821 896 1880 idoneis.

97 1901 232 1963 instructo,
239 1897 320 1953 unius
333 1897 443 1971 legionis
452 1897 638 1970 antesignanos
647 1913 797 1968 procurrere
808 1904 886 1969 atque

96 1989 221 2046 occupare
232 1989 293 2027 eum
303 1972 437 2028 tumulum
446 1972 527 2028 iubet
539 1971 634 2039 Quare
642 1971 753 2046 cognita,
760 1970 884 2037 celeriter,

96 2049 205 2122 quaein
218 2047 328 2102 statione
336 2063 384 2118 pro
391 2048 484 2102 castris
493 2055 567 2102 erant
574 2046 675 2103 Afranii
684 2047 810 2114 cohortes,
827 2047 887 2102 bre-

97 2125 167 2177 viore
177 2121 305 2176 itineread
313 2121 435 2176 eumdem
444 2123 626 2194 occupandum
636 2119 722 2178 locum
735 2123 886 2178 mittuntur.

100 2195 269 2252 Contenditur
277 2195 375 2268 proelio
384 2204 417 2260 et,
425 2196 497 2270 quod
506 2198 581 2270 prius
591 2198 619 2253 in
628 2197 888 2252 tumulnmlirania-

101 2271 128 2325 ni
136 2277 269 2334 venerant,
289 2270 370 2325 nostri
380 2271 550 2342 repelluntur,
569 2280 656 2345 atque,
678 2271 737 2328 aliis
746 2270 888 2326 submissis

100 2342 235 2408 subsidiis,
255 2351 327 2418 terga
336 2353 443 2412 vertere,
460 2364 542 2419 seque
553 2347 673 2422 adsigna
681 2345 815 2418 legionum
824 2346 889 2398 reci-

253 2425 304 2472 tur.

101 2434 251 2550 mxciii?
267 2492 357 2548 Genus
367 2502 421 2549 erat
431 2493 661 2569 pugnaemilitum
669 2492 786 2559 illorum,
794 2501 824 2547 ut
832 2510 889 2548 ma-

98 2567 362 2643 gnoimpetusprimo
370 2570 560 2639 procurrerent,
581 2567 702 2624 audacter
715 2566 801 2623 locum
815 2584 889 2640 cape-

99 2651 166 2722 2rept,
184 2637 292 2697 ordines
304 2657 367 2700 suos
380 2658 432 2698 non
450 2661 608 2718 magnopere
625 2650 766 2708 servarent,
789 2644 840 2700 rari
850 2644 892 2699 di·
