2078 2996
161 130 212 184 3l6
387 133 437 180 DE
459 133 582 178 BELLO
602 131 724 180 CIVILI
747 193 749 200 γ

160 233 274 310 singulis
288 233 381 290 diebus
398 231 611 304 erantperfecta,)
632 232 661 286 in
675 233 807 303 integrum
823 233 967 291 restituit:

159 312 207 383 qni
217 328 245 365 se
254 307 293 364 illi
304 308 378 364 initio
387 307 473 363 civilis
485 305 546 362 belli
557 305 713 372 obtulerant,
734 305 757 360 si
771 323 819 360 sua
835 325 922 380 opera
936 311 968 366 in

160 385 229 440 bello
250 385 290 440 uti
308 384 395 447 vellet,
415 383 525 454 proinde
539 382 692 446 aestimans,
715 398 745 436 ae
758 381 781 434 si
794 399 861 438 usus
876 394 965 450 esset,

160 459 287 532 quoniam
297 459 340 512 sni
349 457 471 512 iecissent
484 464 650 527 potestatem:
671 459 890 524 statueratenim,
909 461 966 516 bos

160 536 235 606 prius
247 533 344 588 iudicio
360 532 450 604 populi
468 531 563 586 debere
584 531 694 597 restitui,
715 549 797 604 quem
811 550 861 588 suo
875 533 966 590 bene-

160 609 219 664 ficio
227 608 310 664 videri
323 615 445 678 receptos,
467 624 500 660 ne
513 615 558 660 aut
572 607 690 679 ingratus
704 607 732 660 in
746 605 881 662 referenda
895 627 965 682 gra-

160 685 205 749 tia,
221 690 267 738 aut
276 683 404 756 adrogans
415 682 441 735 in
453 681 635 754 praeripiendo
642 679 735 754 populi
744 681 871 737 beneficio
882 684 964 740 tide·

160 767 241 814 rctur.
425 813 428 823 ,
734 757 740 770 ’

213 834 247 886 ll.
267 831 314 886 llis
324 831 412 895 rebus,
427 838 452 884 et
461 829 532 886 feriis
541 830 641 885 Latinis
650 829 815 902 comitiisque
827 831 960 888 omnibus
1023 867 1024 870 =

161 899 329 979 perficiundis
343 904 466 960 undecim
481 906 536 961 dies
550 905 651 969 tribuit,
672 904 853 978 dictaturaque
864 924 896 961 se
909 908 959 962 ab·

160 981 228 1036 dicat
241 987 265 1034 et
280 980 313 1034 ab
325 979 391 1034 urbe
404 981 576 1050 proficiscitur
584 980 809 1056 Brundisiumque
822 983 956 1052 pervenit.

160 1056 198 1111 llo
209 1054 322 1128 legiones
332 1053 469 1110 duodecim
480 1063 505 1110 et
519 1056 664 1128 equitatum
678 1072 784 1109 omnem
798 1055 889 1111 venire
899 1057 957 1112 ius-

160 1137 241 1198 serat;
263 1127 309 1183 sed
318 1137 421 1202 tantum
434 1131 543 1186 navium
553 1130 655 1200 reperit,
670 1138 700 1184 ut
714 1137 825 1202 anguste
839 1133 956 1203 quinde-

160 1205 211 1260 cim
226 1203 309 1258 millia
329 1202 531 1278 lmionariorum
551 1204 676 1270 militum,
696 1204 835 1278 quingenti
852 1207 955 1278 equites

65 1323 69 1328 .
160 1280 328 1350 transportari
341 1289 452 1350 possent.
482 1281 536 1334 Hoc
549 1296 634 1334 unum
650 1277 748 1354 [inopia
758 1279 878 1356 navium]
890 1281 956 1337 Cae-

73 1365 78 1374 '
160 1355 212 1410 sari
227 1354 260 1408 od
276 1354 431 1409 conficiendi
445 1354 507 1409 belli
522 1353 678 1408 celeritatem
692 1353 783 1408 deluit.
794 1425 799 1430 ⁸
812 1355 900 1427 Atque
910 1375 955 1412 eae
1017 1414 1024 1440 ,1

159 1431 232 1503 ipsae
255 1430 343 1501 copiae
362 1429 411 1484 hoc
431 1429 646 1500 infrequentiores
665 1429 850 1500 imponuntur.
881 1431 954 1503 quod

160 1505 238 1561 multi
252 1504 360 1560 Gallicis
373 1511 410 1559 tot
424 1504 499 1558 bellis
510 1503 663 1568 deiecerant,
685 1503 847 1576 longumque
860 1505 908 1561 iter
921 1524 954 1560 ex

160 1581 285 1652 Hispania
298 1597 425 1652 magnum
437 1597 577 1633 numerum
588 1578 759 1642 detumuerat,
772 1586 797 1632 et
806 1581 896 1652 gravis
905 1599 950 1635 au·

160 1664 270 1711 tumnus
285 1654 312 1708 in
322 1653 416 1725 Apulia
427 1655 579 1725 circumque
587 1653 768 1717 brundisitun,
787 1669 821 1708 cx
835 1654 953 1710 saluber-

160 1728 951 1802 rimisGalliaeetllispaniaeregionibus,omucmcxeroitum
1017 1785 1021 1796 ,

160 1804 310 1862 valetudine
319 1812 469 1858 tentaverat.

215 1881 259 1934 lll.
281 1878 429 1948 Pompeius,
450 1895 570 1933 annuum
584 1877 698 1950 spatium
713 1876 747 1932 ad
764 1877 950 1949 comparandas

160 1955 248 2024 copias
268 1962 368 2015 nectus,
389 1951 461 2024 qnod
480 1970 593 2007 vacuum
612 1970 627 2006 a
645 1952 714 2006 bello
731 1960 809 2024 atique
827 1953 859 2006 ab
877 1952 949 2006 hoste

160 2028 273 2082 otiosum
282 2024 374 2090 luerat,
382 2043 505 2099 magnam
514 2045 548 2082 ex
558 2026 835 2100 AsiaCycladibnsque
844 2026 945 2092 insulis,

161 2101 282 2174 Corcyra,
294 2099 412 2165 Athenis,
420 2103 509 2165 Ponto,
521 2101 746 2175 Bitlrynia,Syria,
758 2102 857 2165 Cilicia,
868 2101 949 2156 Phoe·

161 2176 227 2240 nice,
241 2175 361 2248 Aegypto
369 2174 480 2229 classem
490 2184 620 2248 coegerat,
642 2193 765 2250 magnam
778 2175 901 2231 omnibus
913 2176 949 2230 lo-

161 2248 553 2318 cisaedillcandomouraverat;
575 2251 946 2322 magnamimperatanrrlsiae,

161 2327 179 2383 S
213 2327 260 2391 iae,
273 2325 432 2398 regibusque
441 2325 565 2378 omnibus
578 2333 604 2379 et
616 2323 734 2397 dynastis
748 2334 773 2379 ct
786 2326 917 2381 tetrarchis
925 2336 948 2380 ot

161 2345 251 2456 lil‘eris
265 2399 377 2455 Achaiae
391 2398 496 2470 populis
515 2401 652 2470 pecunitnn
671 2407 803 2472 exegerat3
829 2417 946 2474 magnam

161 2476 293 2530 societates
298 2491 389 2529 earum
398 2474 603 2546 provinciarum,
614 2473 742 2546 quasipse
751 2474 890 2539 obtinebat,
899 2475 946 2529 sihi

162 2565 300 2604 numerare
310 2556 436 2622 coegerat.

216 2623 258 2679 tv.
278 2623 405 2698 Legiones
418 2622 534 2680 ellecerat
546 2622 646 2680 civium
656 2621 832 2676 Romanorum
842 2637 942 2693 novem
1023 2675 1024 2684 ,
