2064 2996
315 163 421 210 mm
450 163 531 212 ΜΡ.
547 162 587 208 oe.
815 162 848 214 25

66 261 178 333 oppidum
186 262 285 337 cingit:
306 261 442 335 reliquum
451 262 576 334 spatium,
592 261 665 335 quod
676 271 778 320 estnon
793 283 849 320 am·

63 336 124 407 plius
131 337 229 408 pedum
239 337 298 404 DC,
309 355 363 410 qun
373 335 473 393 flumen
481 337 639 402 intermittit,
650 355 727 392 mons
735 340 850 396 continet

61 429 144 484 magna
155 411 304 478 altitudine,
312 414 348 470 ita
357 419 388 467 ut
396 412 497 467 radioes
506 412 604 468 monus
613 428 647 468 ex
657 420 768 484 utraque
777 424 850 484 parte
952 420 955 433 '

57 487 121 556 ripae
139 485 260 542 iluminis
281 487 446 562 contingant.
470 487 547 542 llunc
563 487 849 556 muruncircumdatus

56 577 135 614 arcem
147 561 226 616 elficit
236 558 262 616 e't
272 579 335 618 cum
345 562 443 633 oppido
452 562 598 635 coniungit.
619 563 676 617 Huc
685 561 780 618 Cacsar
792 579 849 620 ma-

55 635 111 706 gnie
121 636 255 694 nocturnis
267 637 433 708 diurnisque,
438 636 577 692 itineribus
586 636 727 704 contendit,
739 653 850 709 occupa-

42 717 128 781 toque
137 712 241 782 oppido,
256 705 296 766 rbi
306 711 472 784 praesidium
481 709 596 768 collocat.
692 761 696 766 .

102 785 230 842 XXXIX.
250 789 323 842 Dum
333 802 432 857 paucos
440 785 498 842 dies
507 785 540 842 nd
551 787 731 842 Vmonticnu
746 786 782 841 rei
793 785 850 842 ltu·

52 860 185 918 montaniae
199 869 422 932 commeatusque
434 877 527 916 caussa
541 869 666 927 moratur,
686 879 719 918 ex
736 879 850 934 percun-
944 907 953 931 Ι
978 931 981 941 ⁴

51 933 153 1010 actique
172 944 330 992 nostrorum
349 935 513 1006 vocibusque
527 935 663 992 Gallorum
681 954 711 992 nc
724 945 849 992 mercato-
932 935 935 942 ’
969 937 973 954 ‘

52 1024 116 1073 rum,
138 1011 186 1081 qni
206 1011 314 1086 ingenti
333 1009 517 1083 magnitudine
535 1027 674 1083 corporum
692 1012 847 1077 Germanos,

51 1079 192 1142 incredibili
214 1087 318 1142 virtute
339 1092 420 1158 etque
440 1085 621 1142 exercitatione
638 1087 666 1142 in
688 1087 774 1152 armis,
791 1103 849 1142 esse

50 1157 239 1227 praedicabant,
252 1175 445 1232 saepenumero
454 1177 511 1216 seso
520 1162 632 1228 cumeis
648 1177 801 1234 congressos
815 1177 850 1216 ne

52 1229 149 1288 vultiim
167 1235 283 1308 qiridem
298 1242 381 1306 atque
393 1234 475 1290 aciem
489 1234 625 1291 oculorum
637 1233 705 1290 ferre
720 1236 848 1307 potuisse,

52 1309 133 1362 enan
141 1311 232 1368 subito
242 1311 325 1368 timor
334 1325 442 1364 omnem
450 1310 592 1365 exercitum
600 1311 745 1381 occupavit,
756 1319 849 1366 utnon

54 1379 208 1442 mediocriter
229 1384 360 1442 omnium
378 1390 478 1438 mentes
497 1383 652 1456 animosque
674 1385 848 1456 perturbaret.

54 1451 219 1527 llicprimum
229 1468 307 1516 ortus
316 1463 382 1514 esta
391 1457 504 1514 tribunis
518 1458 644 1524 militum,
659 1459 795 1529 praelectis
808 1475 850 1514 re-

53 1524 188 1606 liquisque,
203 1535 267 1609 qui,
284 1551 320 1590 ex
334 1531 402 1590 urbe
410 1532 540 1588 amicitiae
550 1549 643 1588 caussa
657 1532 794 1588 Caesarem
808 1547 851 1587 se-

53 1605 109 1671 cot,
119 1625 171 1665 non
181 1626 320 1684 magnum
329 1607 359 1661 in
368 1624 396 1662 ro
405 1606 513 1664 militari
525 1623 607 1663 usum
619 1606 765 1662 habebant:
783 1623 851 1677 qno-

53 1681 192 1751 rumalius,
214 1680 464 1748 cinomannicae,
481 1698 564 1754 quum
577 1681 629 1736 sibi
641 1680 674 1736 ad
683 1679 852 1752 proficiscen-

52 1750 110 1812 dum
123 1760 305 1816 necessariam
320 1773 379 1812 esse
392 1756 517 1822 dicerent,
538 1755 668 1828 petebant,
688 1763 719 1812 ut
732 1756 790 1811 eius
803 1771 851 1811 vo-

53 1823 143 1888 luntate
153 1834 293 1890 disoederc
307 1831 409 1887 liceret:
430 1831 561 1897 nonnulli,
576 1831 677 1905 pudore
690 1830 805 1898 adducti,
820 1838 852 1886 ut

53 1905 148 1962 timoris
160 1909 347 1982 suspicionem
367 1906 487 1972 vitarent,
508 1907 687 1964 remanebant.
711 1907 743 1962 Hi
763 1923 851 1979 neque

51 1977 150 2038 vultum
159 1985 274 2059 tingere,
297 1981 527 2053 nequcinteulum
540 1981 661 2038 lacrimas
675 1988 762 2039 tenero
777 1991 851 2056 potc-

51 2062 116 2112 rant:
136 2059 222 2116 abditi
235 2059 267 2114 in
280 2055 457 2112 tabernaculis
466 2065 512 2115 cut
520 2075 600 2113 suum
609 2057 692 2116 lutum
703 2058 851 2131 quereban—

52 2133 99 2193 tar,
107 2141 151 2188 aut
160 2152 224 2190 curn
234 2129 416 2189 familiaribus
425 2132 483 2186 suis
492 2133 788 2204 communepericulum
798 2131 850 2188 mi·

54 2205 214 2267 serebantur.
235 2205 328 2277 Vulgo
338 2205 398 2260 totis·
407 2207 499 2278 cestris
509 2214 661 2266 testamenta
670 2207 851 2282 obsignaban·
860 2217 907 2292 1.

53 2280 100 2332 illl·
120 2281 221 2340 Horum
231 2281 389 2336 vocibusac
400 2281 493 2336 timore
505 2281 642 2352 paullatim
655 2284 733 2338 etiam
753 2283 781 2344 ii,
803 2279 851 2350 qui

54 2365 172 2428 magnum
186 2360 216 2416 in
232 2353 331 2410 castris
345 2371 425 2410 usum
439 2355 579 2420 hebebant,
602 2357 701 2414 milites
720 2354 851 2410 centurio-

24 2475 27 2482 .
56 2427 864 2507 necquequiqueequitetupraeerant,perturbabantur.,Qui.

54 2507 166 2563 scortis
176 2507 277 2564 minus
288 2501 395 2561 timidos
404 2504 551 2560 existimari
560 2505 691 2566 volebant,
703 2518 756 2556 non
766 2519 795 2556 se
804 2503 853 2556 ho-

56 2581 114 2634 ltem
121 2583 206 2640 vereri
211 2593 224 2646 ‚¹
231 2578 283 2634 sed
293 2579 429 2650 angustias
438 2579 540 2634 itineris
549 2586 575 2632 ct
583 2574 794 2649 magnitudinem
805 2573 853 2626 sil·

57 2653 427 2732 varam‚quacintorcecerent
436 2653 504 2708 inter
512 2653 586 2724 ipsos
594 2647 854 2720 atqueAriovistum,
