2072 2998
297 182 401 230 Ltus
431 181 509 230 CAP.
523 182 550 230 b.
565 183 592 228 6.
793 176 844 231 239

48 284 141 339 itineae
149 280 228 338 Asiae
236 280 423 356 Syeieequead
431 299 508 338 suem
515 281 656 354 potentiam
666 281 846 338 dominatum·

49 375 100 431 que
108 363 280 422 eonverteret,
292 374 349 414 rem
359 356 393 412 ad
406 373 478 412 arma
487 355 581 412 deduci
591 356 722 412 studebat.

102 432 137 490 V.
157 431 205 486 His
214 431 248 486 de
257 431 359 486 oeussis
365 439 482 504 egenter
491 431 580 488 omnis
593 431 688 502 raptim
700 438 780 504 etque
788 437 845 486 tue·

49 508 121 575 bete,
143 521 192 562 nee
208 505 319 562 dooeudi
337 506 454 562 Gesseris
472 506 630 578 propinquis
649 506 707 562 eius
728 506 847 578 spatium

50 584 141 649 detur;
161 597 211 636 neo
219 581 334 636 tribunis
343 580 427 653 plebis
441 583 484 636 sui
498 579 608 653 periculi
618 579 783 654 depreoandi,
797 597 845 636 ne-

49 675 101 730 que
117 655 199 712 etiam
211 655 322 711 extremi
336 655 402 710 imis
416 656 600 712 intereossione
612 655 751 720 retinendi,
772 654 845 727 quod

49 734 77 788 L.
88 729 164 788 Sulla
173 729 324 802 reliquerat,
334 729 444 786 facultas
453 731 591 796 tribunum
606 731 653 786 sed
661 729 694 787 de
703 747 751 786 sua
761 729 846 786 saluto

49 807 162 879 septimo
171 804 215 861 die
223 805 335 879 eogitere
344 813 487 879 eoguntur,
499 805 615 878 quodilli
622 805 845 864 turbulentissimi

49 879 233 954 superioribus
245 881 408 951 temporibus
419 881 519 936 tribuni
533 880 619 953 plebis
632 889 722 936 octavo
730 881 846 952 denique

48 973 141 1014 meuse
150 971 261 1010 suerum
271 957 402 1012 actionum
413 957 541 1027 respioesa
549 956 845 1012 aotimereoonsueaent.

48 1030 203 1088 Decurritut
212 1029 247 1086 ed
262 1028 330 1085 illud
339 1038 487 1086 extremum
499 1038 577 1102 atque
590 1029 716 1086 ultimum
726 1039 847 1087 sanetus·

49 1104 211 1170 oonsultum,
223 1121 287 1178 quo,
294 1105 346 1160 nisi
355 1122 437 1177 paene
447 1105 474 1160 in
484 1105 542 1177 ipso
551 1105 626 1160 urbis
636 1105 757 1162 iuoendio
766 1114 846 1178 atquo

49 1182 77 1237 in
90 1179 271 1252 desperatione
279 1179 400 1238 omnium
410 1178 512 1245 salutis,
525 1179 637 1238 latorum
648 1181 756 1236 audeuie
765 1197 844 1238 num·

49 1273 132 1329 quem
143 1264 203 1310 anta
213 1254 359 1311 discessum
368 1262 422 1323 esu
442 1259 502 1310 dent
511 1272 615 1323 operam
625 1259 753 1321 eonsules,
765 1273 847 1324 prae-
961 1265 963 1272 “

49 1341 127 1396 tores,
147 1331 343 1398 tribuniplebis,
364 1331 616 1400 qutqwoonseiuees
629 1339 689 1386 sunt
699 1334 735 1384 act
748 1334 845 1394 arbem,

47 1425 80 1460 ne
91 1409 156 1476 oete
165 1407 312 1474 respublica
325 1409 471 1460 detrimenti
480 1399 577 1472 iepiet.
598 1405 665 1459 lleeo
677 1411 847 1460 senatuscon-

48 1479 119 1536 sulte
139 1479 339 1551 perscribuntur
352 1497 375 1534 e.
389 1479 415 1534 e
429 1479 488 1534 Vlll
506 1477 569 1532 ldus
582 1477 727 1534 Ianuarias.
757 1480 848 1549 ltaque

49 1555 173 1628 quinque
182 1554 277 1624 primis
288 1553 391 1620 (liebus,
414 1553 515 1625 quibus
528 1551 619 1608 heberi
631 1561 738 1608 senatus
751 1553 844 1624 potuit,

49 1647 106 1702 qua
123 1645 158 1684 ox
170 1629 213 1684 die
223 1627 390 1684 oonsuletum
408 1626 469 1684 iniit
485 1625 624 1692 Lentulus,
644 1626 728 1682 hiduo
740 1633 849 1698 exeepto

49 1700 192 1768 comitiali,
214 1702 290 1758 etde
311 1703 422 1776 imperio
440 1701 558 1758 Gesseris
577 1709 603 1757 et
619 1701 653 1758 oe
675 1701 847 1773 amplissimis

50 1778 132 1840 viris,
151 1776 371 1850 suanenses,
393 1778 551 1852 gravissime
564 1777 784 1848 acerbissimeque
801 1775 848 1831 de-

49 1850 180 1908 eernitus.
218 1851 374 1926 Profugiunt
391 1852 480 1908 stetim
498 1869 532 1910 ex
549 1853 616 1908 urbe
638 1851 739 1906 tribuni
763 1851 849 1923 plebis

51 1944 164 2000 seseque
179 1926 212 1982 ad
230 1927 367 1984 Caesarem
388 1926 532 1984 conserunt
564 1929 592 1982 ls
609 1944 640 1984 eo
658 1935 774 1998 tempore
794 1936 849 1982 eret

51 2004 193 2058 Ravennae
201 2003 419 2076 exspectabatque
428 2002 485 2058 suis
500 2002 644 2058 lenissimis
656 2001 794 2074 postuletis
807 2019 848 2058 re-

51 2094 159 2150 spousa,
180 2078 266 2150 sique
276 2077 605 2151 hominumeequiteteros
618 2077 743 2134 adolium
753 2076 847 2134 deduci

51 2160 149 2224 posset.
316 2182 319 2188 ·

106 2228 152 2284 vl.
174 2227 306 2284 Proximis
318 2227 412 2282 diebus
424 2227 536 2284 hebetur
547 2236 653 2284 senatus
663 2237 735 2284 extre
745 2226 846 2282 urbem.

51 2301 194 2375 Pompeius
204 2301 295 2358 eedem
310 2301 363 2366 ille,
384 2319 453 2374 quae
465 2320 511 2374 per
525 2301 672 2374 Scipionem
691 2301 847 2366 ostenderet,

52 2379 119 2452 egit3
142 2385 252 2432 senatus
267 2377 388 2432 virtutem
402 2377 628 2448 constantiamque
641 2375 783 2441 oollaudet;
804 2391 848 2430 oo·

52 2455 108 2524 pies
119 2469 184 2508 sues
193 2451 315 2522 exponit3
337 2450 452 2526 legiones
462 2452 557 2508 hebere
567 2468 623 2506 sese
632 2458 734 2522 punies
742 2449 846 2514 decem,

51 2535 184 2600 praeterae
205 2527 341 2598 cognitum
359 2534 575 2598 oompertumque
593 2525 658 2588 sibi,
689 2524 774 2579 alieno
792 2540 849 2588 esse

52 2603 142 2658 animo
155 2602 184 2656 in
196 2599 332 2656 Caesarem
343 2600 448 2662 milites,
461 2617 546 2671 neque
556 2601 588 2653 iis
601 2616 677 2669 posse
686 2597 848 2670 persuederi,

53 2680 89 2734 uti
99 2694 164 2734 eum
180 2673 323 2732 defendent
336 2682 381 2732 aut
399 2682 544 2747 sequantur
562 2673 664 2728 saltem.
685 2675 720 2728 be
739 2671 848 2744 reliquis
958 2738 959 2742 Ἰ
