2072 2998
284 150 355 198 ΗΒ.
367 149 422 199 vn.
452 151 531 200 CAP.
545 151 587 200 tt.
598 151 638 199 ¹1³.
809 151 854 204 itt

58 249 226 324 inoppidunr
239 250 341 321 recipit.
359 251 408 306 iiis
421 250 567 306 rationibus
586 249 683 308 auxilia
698 251 799 310 Galliae
812 271 860 318 ex·
896 251 899 256 ’

57 333 172 398 epeetnra
181 331 209 379 et
218 322 321 378 bellurn
329 323 514 380 administrare
521 332 603 396 parat

109 399 224 456 LXXII.
246 397 349 464 Quibus
358 399 437 454 rebus
445 417 478 454 ex
489 395 759 473 periugiseteuptiuis
768 401 861 473 eogni-

57 476 99 540 tis,
105 474 205 531 Caesar
213 471 280 526 haee
287 489 382 545 genera
391 475 547 531 munitionis
557 474 680 530 instituit.
694 475 803 530 Fossam
813 491 861 545 pe-

57 549 121 604 dum
131 547 189 604 XX
198 545 304 602 directis
315 545 439 602 lateribus
449 547 535 613 duxit,
559 556 590 603 ut
603 549 661 604 eius
675 547 759 604 fossae
771 546 860 604 solum

56 621 223 680 tantumdem
238 627 344 692 pateret,
364 629 495 692 quantum
509 639 616 678 summa
629 621 702 678 labra
715 621 858 678 dietabant.

57 698 184 769 Reliquas
201 712 296 750 ornnes
315 696 475 752 munitiones
487 696 521 752 nh
535 714 566 752 ea
579 695 649 752 torsa
666 713 761 768 possus
773 695 859 754 CCCC

57 771 176 828 reduxit:
199 768 227 824 id
239 769 290 824 hoe
300 768 417 834 oonsilio,
431 768 567 842 (quomam
576 778 679 828 tanturn
689 779 757 826 esset
770 787 861 826 neees-

56 847 124 902 sario
133 843 253 916 spatium
263 843 431 914 munierum
454 861 501 899 nee
515 843 590 900 facile
603 853 687 900 tuum
703 861 798 916 eorpus
816 861 860 900 oo·

55 937 119 976 rona
129 917 249 976 militum
260 916 428 990 cingeretur.)
442 935 476 974 ne
484 918 518 974 de
527 920 672 990 improviso
681 927 726 974 aut
738 927 816 974 noctu
826 918 860 974 ad

56 993 220 1052 munitiones
232 991 351 1048 hostium
365 992 507 1050 multitudo
519 991 664 1062 advolaret3
685 1002 730 1048 aut
744 993 860 1050 interdiu

55 1069 106 1124 tela
115 1069 145 1123 in
156 1072 270 1130 nostros,
284 1066 356 1137 operi
366 1066 517 1134 destinatos,
533 1067 660 1124 ooniieane
668 1075 786 1138 possent.
806 1069 860 1124 Hor

55 1142 209 1198 intermisso
219 1141 313 1212 spatio,
330 1140 397 1195 duas
411 1139 504 1206 iussas,
520 1141 571 1198 XV
579 1141 659 1213 pedes
673 1141 746 1207 tatas.
767 1142 859 1198 eadem

54 1215 197 1273 altitudine
206 1214 344 1286 perdunt.-
364 1231 479 1287 quarum
492 1214 652 1281 interiorem,
667 1217 859 1288 campestribus

56 1310 86 1348 ao
95 1291 221 1348 demissis
231 1287 304 1354 loeis,
324 1306 392 1360 aqua
402 1306 435 1346 ex
449 1288 560 1346 flumine
573 1290 688 1346 derivata
709 1289 857 1362 complevit.

54 1367 117 1422 Post
127 1382 171 1420 eas
181 1379 305 1438 aggerem
316 1362 457 1418 rovallum
466 1364 517 1418 XII
527 1363 625 1434 pedum
635 1365 779 1431 exstruxit3
795 1364 860 1420 hoio
924 1429 928 1436 ι

55 1439 165 1496 loricam
171 1439 322 1510 pinnasque
330 1436 584 1511 adiecitgrandibm
591 1437 675 1492 cervis
681 1438 859 1494 eminentibus

54 1515 90 1570 ad
101 1513 293 1570 commissuras
304 1511 454 1582 pluteomm
468 1517 547 1584 atque
560 1511 673 1586 aggeris.
690 1513 737 1584 qui
751 1511 860 1568 adscen-

55 1606 119 1644 sum
129 1587 246 1642 hostium
259 1585 403 1654 tardarent;
423 1593 449 1642 et
458 1594 544 1642 turres
556 1593 609 1641 toto
623 1601 700 1658 opere
712 1585 860 1642 circumde-

53 1663 104 1728 dit.
118 1660 276 1732 quaepedes
285 1660 388 1716 LXXX
398 1659 465 1716 inter
474 1677 503 1716 se
511 1661 649 1716 distarent.

113 1735 236 1790 nxxlu.
255 1735 319 1791 Erat
331 1734 423 1790 eodem
438 1742 553 1806 tempora
565 1743 592 1791 st
604 1733 745 1798 materiari,
765 1741 791 1788 et
803 1731 861 1787 iru-

55 1808 182 1874 mentari,
197 1817 223 1864 et
235 1815 320 1866 tentas
328 1808 489 1866 munitiones
508 1809 567 1864 fieri
580 1825 694 1873 neeesse,
715 1806 860 1869 deminutis

55 1884 156 1942 nostris
165 1882 258 1956 ωρίἰε,
272 1899 341 1956 quae
350 1881 456 1957 longius
464 1883 499 1938 ab
507 1883 600 1940 castris
609 1881 857 1956 progrediebantur:

55 1977 86 2016 ae
100 1975 307 2030 nonnumquam
319 1974 397 2028 opera
410 1963 499 2014 nostra
512 1957 582 2014 Galli
596 1963 785 2046 tentarqtque
798 1974 860 2014 eru·

55 2031 326 2107 ptionemexoppido
335 2031 458 2104 pluribus
466 2032 549 2104 portis
561 2049 668 2090 summa
680 2043 707 2088 vr
721 2031 803 2088 faeere
816 2049 860 2087 co-

56 2109 200 2164 nabantur.
220 2105 309 2174 Quare
321 2105 354 2161 nd
369 2106 433 2164 haee
445 2123 539 2163 rursus
547 2123 626 2179 opera
635 2105 785 2163 addendum
795 2107 860 2162 Cae-

56 2201 100 2238 sar
111 2181 227 2254 putavit,
247 2197 302 2252 quo
315 2182 417 2236 minore
436 2198 546 2236 numero
563 2181 680 2238 militum
699 2181 861 2238 munitiones

55 2255 161 2313 detondi
174 2261 292 2328 possent.
312 2255 402 2327 ltaque
411 2255 511 2310 truncis
523 2255 648 2312 arborum
656 2261 703 2312 aut
716 2255 860 2312 admodum

56 2331 143 2388 firmis
155 2330 240 2386 ramis
252 2328 372 2394 abscisis,
392 2335 473 2400 atque
484 2329 580 2388 horum
593 2328 729 2386 delibratis
742 2345 772 2384 no
784 2343 860 2399 prae·

56 2406 142 2464 acutis
150 2402 347 2468 cacuminibus,
361 2410 501 2475 perpetuae
508 2403 602 2472 fossae.
619 2403 717 2476 quinos
731 2401 810 2472 pedes
821 2398 861 2456 a]-

56 2489 105 2548 tae‚
117 2480 296 2540 ducebantur.
317 2478 374 2534 Huc
387 2475 426 2532 illi
440 2479 540 2550 stipites
553 2477 663 2534 demissi
676 2482 702 2531 et
715 2475 750 2532 ab
767 2475 861 2530 infimo

56 2554 179 2620 revincti,
192 2570 226 2610 ne
237 2549 327 2608 revelli
337 2559 451 2622 possent
464 2554 498 2608 ab
507 2553 588 2610 ramis
598 2549 759 2606 eminebant.
778 2547 860 2616 Quini

56 2638 131 2686 erant
142 2627 262 2693 ordinas,
282 2625 414 2682 ooniuncti
430 2626 497 2686 inter
512 2645 540 2684 se
554 2634 633 2699 atqua
645 2622 786 2695 implioati3
806 2639 860 2696 qno
908 2696 911 2703 Ι
