2072 2998
311 151 453 200 cmm
483 153 607 200 cama,
622 153 645 221 a,
821 153 864 206 tot

80 249 319 316 meorumnam,
339 251 412 323 quod
425 269 467 306 res
480 269 584 325 poscere
597 252 746 318 videbatur,
766 255 869 310 retineri

81 327 175 383 urbano
184 333 263 383 motu
274 325 422 391 Caesarem,
440 345 526 400 neque
535 329 563 382 in
573 329 652 382 tantis
661 328 869 385 dissensionibus

79 401 264 457 adenercitum
273 400 364 456 venire
372 411 457 472 posse.
478 405 531 457 Hac
545 401 807 474 impulsioccasicne,
822 405 868 476 qui

78 477 127 531 iam
139 485 200 533 ante
212 494 243 531 se
252 475 346 548 populi
355 477 465 531 Romani
480 477 589 549 imperio
604 477 733 531 subiectos
742 475 866 545 dolerent,

75 550 183 608 liberius
192 560 276 624 atque
286 548 411 604 audacius
421 550 453 605 de
463 551 532 606 bello
540 551 648 607 consilia
658 551 724 606 inire
730 551 867 623 incipiunt.

74 627 180 682 indictis
193 626 266 682 inter
280 642 309 678 se
321 625 451 696 principes
460 625 559 682 Calliae
573 625 690 681 conciliis
704 625 868 682 silvestribus

77 718 108 756 ac
123 702 230 758 remotis
249 699 325 765 locis,
347 708 493 771 queruntur
510 700 665 756 dedecoris
680 709 776 768 morte3
797 700 869 756 hunc

78 792 164 832 cesum
175 777 211 832 ad
219 774 417 847 ipsosrecidere
425 775 698 846 possedemonstrant3
711 776 868 830 miserantur

75 867 245 908 communem
255 847 358 904 Galliae
370 847 515 919 fortunam3
536 850 661 905 omnibus
675 849 868 922 pollicitationi-

72 925 123 982 bus
133 943 165 982 ac
173 923 302 997 praemiis
312 923 463 994 deposcunt,
487 924 535 998 qui
548 924 611 980 belli
624 925 729 980 initium
737 925 833 980 faciant
841 933 867 982 et

73 1003 114 1056 sui
135 1001 231 1072 capitis
250 999 369 1072 periculo
382 997 496 1054 Galliam
515 999 544 1054 in
565 999 709 1054 libertatem
723 999 856 1056 vindicent

72 1075 139 1131 Eius
148 1075 176 1130 in
186 1075 282 1146 primis
295 1073 421 1128 rationem
432 1072 580 1128 habendam
589 1074 689 1140 dicunt,
710 1075 865 1148 prinsquam

71 1168 164 1206 eorum
174 1149 338 1204 clandestine
346 1147 454 1202 consilia
463 1147 610 1214 efferantur,
619 1149 782 1204 utCaesarab
792 1167 866 1204 exer-
891 1181 894 1191 ι

73 1227 127 1280 citu
137 1223 337 1279 intercludatur.
362 1221 391 1276 ld
400 1239 456 1278 esse
467 1221 550 1287 facile,
565 1223 637 1295 quod
647 1241 731 1296 neque
740 1223 863 1298 legiones,

76 1299 182 1353 absente
191 1299 355 1370 imperatore,
367 1296 478 1352 audeant
487 1314 520 1352 ex
532 1297 649 1352 bibernis
658 1298 759 1372 egredi3
780 1315 867 1370 neque
925 1341 927 1351 .

76 1373 215 1444 imperator
232 1373 292 1427 sine
305 1370 435 1444 praesidio
448 1371 481 1426 ad
495 1371 609 1444 legiones
619 1373 754 1442 pervenire
767 1375 850 1444 possit

74 1453 205 1520 postremo
215 1448 243 1502 in
253 1447 310 1501 acie
323 1453 451 1516 praestare
460 1446 580 1512 interfici,
596 1463 677 1518 quam
688 1463 739 1500 non
753 1455 865 1502 veterem

71 1521 138 1578 belli
148 1521 260 1596 gloriam
270 1520 477 1594 libertatemque,
492 1535 574 1594 quam
584 1537 599 1574 a
609 1519 752 1575 maioribus
763 1537 866 1592 accepe-

70 1599 134 1663 rint,
146 1610 306 1668 recuperare

126 1673 158 1726 11.
172 1671 226 1726 llis
235 1671 318 1750 rebus
326 1669 437 1742 agitatis,
453 1668 608 1742 profitentur
617 1666 752 1732 Carnutes,
767 1685 794 1722 ae
805 1671 865 1722 oul-

74 1750 128 1800 tum
137 1749 281 1814 perieulum
291 1749 430 1799 ccmmoota
438 1747 531 1799 salutis
541 1761 634 1798 caussa
642 1759 775 1807 recusare,
789 1747 866 1812 prta-
888 1789 891 1792 .

74 1825 191 1892 cipeeque
212 1839 248 1876 ec
266 1821 383 1874 omnibus
403 1821 495 1873 bellum
512 1824 628 1888 sactum
642 1819 809 1887 pollicentur,
832 1825 863 1882 et,

72 1899 195 1966 quomam
214 1901 244 1952 ln
258 1897 410 1963 praesentio
427 1897 556 1948 obsidibus
574 1897 642 1948 teter
659 1909 686 1946 ae
707 1908 797 1946 cocere
814 1909 866 1947 non

67 1975 176 2041 perstat,
190 1986 276 2026 neres
288 1973 420 2040 efferetur,
434 1977 464 2022 ut
472 1969 641 2022 iureiurando
654 1983 686 2022 co
699 1969 747 2037 lldc
760 1973 865 2023 concio·

71 2055 124 2110 tor,
131 2053 232 2114 petunt,
244 2046 348 2100 collatis
355 2045 608 2110 melitera'bosstan'e,
622 2040 685 2114 (quo
694 2058 765 2096 more
773 2059 865 2096 eorum

69 2119 244 2193 gravissimae
251 2115 408 2172 cerimoniae
416 2115 590 2244 eontinentur)
599 2132 638 2180 ne,
649 2122 719 2188 [acto
728 2119 803 2172 anae
812 2119 865 2170 bel-

71 2197 430 2264 lecbreltqutsdceerantcr.
447 2191 525 2257 Tum,
536 2189 575 2246 col
587 2189 861 2251 audatisCamutibus,
924 2244 929 2248 ,

69 2269 132 2326 dato
140 2265 312 2324 iureiurando
320 2265 354 2320 ab
362 2265 495 2331 omnibus,
503 2265 550 2338 qui
560 2265 675 2332 aderant,
682 2273 798 2337 tempore
807 2264 865 2318 eius

70 2343 270 2407 reiconstituto,
283 2339 597 2396 abmnoiliodisoeditur.
813 2339 816 2348 ’

125 2419 170 2474 Ill.
190 2417 241 2474 Ubi
250 2414 347 2482 cadica
357 2415 435 2480 venit,
452 2415 587 2480 Carnutes,
601 2413 708 2469 Cotuato
721 2415 747 2464 et
755 2409 865 2465 Conato-

71 2493 145 2548 duno
158 2491 284 2555 ducibus,
304 2489 448 2561 desperatis
461 2489 623 2553 hominibus,
647 2483 786 2541 Genabum
804 2482 866 2537 dato

71 2568 151 2641 signo
163 2572 325 2622 concurrunt
342 2565 465 2636 civesque
483 2564 628 2625 Romanos,
649 2558 697 2630 qui
715 2556 864 2630 negotiandi

72 2658 166 2698 causeo
175 2640 213 2696 ibi
223 2638 400 2704 consuerant,
418 2639 447 2694 in
459 2637 502 2693 his
512 2637 541 2693 C.
550 2634 663 2692 Fusium
673 2631 766 2696 Citam,
784 2631 866 2686 houe-
