2072 2998
189 153 238 206 tot
388 153 439 202 ou
459 154 584 201 sunno
609 147 775 226 olomeo

187 272 284 330 magno
300 253 391 310 eninro
403 254 556 323 sustiuecnt
575 252 682 312 matus
691 251 816 326 Agendici
831 250 980 326 legionibus

188 339 268 402 aupue
285 328 479 402 impedimentis
492 327 571 382 totius
584 327 712 394 exmoitus
726 325 831 393 relictis,
853 327 889 383 ud
905 330 980 386 Boios
1014 346 1015 359 ¹

188 404 368 477 proficiscitur.
684 431 691 444 ι
775 417 782 428 ·

242 480 289 533 XI.
308 477 395 534 Altero
404 476 447 530 die
456 492 541 548 quum
550 474 584 530 od
592 474 718 546 oppidum
729 473 864 530 Senonum
876 476 980 534 Vellau-

189 553 326 609 nodunum
332 547 459 615 uenisset,
465 568 498 606 ne
506 565 586 621 quern
596 550 802 620 postscbostem
810 548 978 623 relinqueret,

189 625 622 700 quoexpeditiororelrumenteriu
632 631 755 688 uteretur,
771 640 928 699 oppugnare
941 629 980 683 in·
1016 672 1017 712 ,

189 703 275 758 stituit
283 700 363 772 idque
372 699 453 754 biduo
464 697 685 754 circumvallavit:
705 699 779 756 tertio
788 699 833 754 die
845 700 938 757 missis
950 719 980 758 ex
1016 713 1017 716 ’

190 776 286 849 oppido
295 775 386 847 legatis
395 773 427 828 de
436 773 573 838 deditione,
585 789 657 827 arma
666 771 784 844 proferri,
795 774 915 830 iumenta
924 793 980 848 pro·
1016 815 1017 820 κ

190 852 261 916 duci,
276 848 496 905 Dchsidesdcri
506 847 587 902 iubet.
607 847 644 902 Ea
657 847 705 920 qui
718 847 866 914 conticeret,
881 850 911 907 G.
921 853 981 906 Tre-
1014 827 1018 944 l

190 925 299 980 bonium
310 922 424 996 legatum
436 922 573 994 relinquit:
594 921 659 994 ipse,
672 929 793 994 utquam
804 923 926 994 primum
936 927 980 980 iter

191 997 426 1054 inceretGeoabum
432 996 588 1061 Carnutum,
598 996 778 1068 proficiscitur,
789 997 848 1068 qui,
860 1004 921 1054 tum
930 1000 981 1072 pri·

190 1091 266 1127 mum
287 1072 372 1126 adlato
392 1071 485 1126 nuntio
505 1070 538 1128 do
561 1071 754 1144 oppugnatione
775 1070 978 1140 Vellaunoduni,

191 1164 276 1220 quum
286 1145 390 1220 longius
400 1163 457 1201 eam
467 1163 522 1202 rem
536 1144 645 1200 ductum
658 1146 691 1200 iri
702 1145 895 1214 existimarent,
911 1166 981 1222 prae-

191 1222 290 1277 sidium
300 1219 399 1277 Genubi
409 1220 501 1275 tuendi
509 1237 610 1285 caussa,
630 1219 703 1294 quod
714 1235 745 1274 so
753 1219 898 1289 mitterent,
914 1241 982 1278 oom-

119 1342 121 1348 ,
190 1297 327 1370 parabant.
346 1297 403 1350 Huc
420 1295 501 1350 biduo
513 1295 644 1366 peruenit:
664 1293 755 1350 metris
776 1303 837 1350 unte
854 1298 982 1369 oppidum

190 1373 291 1444 positis,
312 1370 365 1426 diei
377 1377 492 1441 tempore
504 1369 636 1436 exclusus,
656 1369 684 1424 iu
700 1377 834 1440 posterum
844 1387 985 1446 oppugno-

190 1449 288 1504 tionem
299 1445 391 1512 differt,
403 1461 522 1518 quaeque
531 1443 564 1500 ad
575 1461 632 1500 eom
642 1461 697 1499 rem
708 1443 770 1499 usui
779 1444 841 1510 sint,
852 1446 985 1504 militibus

191 1524 317 1596 imperat,
334 1529 360 1577 et
370 1521 441 1594 quod
450 1519 577 1592 oppidum
589 1519 728 1576 Gensbum
736 1535 803 1590 pons
812 1517 985 1583 fluminisLi-

191 1599 261 1673 geris
273 1595 427 1661 continebat,
447 1596 556 1665 veritirs,
576 1611 609 1650 ne
621 1601 699 1651 noctu
710 1611 744 1648 ex
755 1593 851 1665 oppido
860 1597 986 1671 profuge-

191 1682 257 1737 rent,
271 1673 338 1728 duos
348 1671 462 1745 legiones
472 1671 499 1724 iu
509 1669 590 1724 armis
599 1669 728 1725 excubare
740 1667 822 1724 iubet.
842 1668 986 1727 Genabeu·

192 1767 243 1811 ses,
265 1745 354 1820 paullo
375 1755 434 1800 ente
456 1744 570 1801 mediam
592 1751 691 1798 noctem
713 1742 816 1800 silentio
833 1761 869 1800 ex
887 1745 987 1818 oppido

191 1823 298 1896 egressi,
320 1821 418 1876 llumen
429 1820 541 1875 transire
551 1825 700 1890 coeperunt.
719 1817 818 1884 Quare
831 1835 880 1890 per
893 1821 986 1893 explo-

191 1903 289 1951 ratores
299 1895 429 1960 nunciate,
449 1894 543 1950 Caesar
555 1893 678 1967 legiones,
699 1909 766 1964 quus
777 1893 916 1964 expeditas
928 1912 985 1951 esse

191 1971 311 2034 iusserat,
322 1970 402 2040 portis
413 1969 536 2034 incensis,
555 1967 701 2023 intromittit
714 1975 792 2038 atque
804 1967 906 2040 oppido
917 1971 986 2042 poti·

190 2052 244 2109 tur,
262 2043 398 2114 perpaucis
418 2061 452 2098 cx
469 2043 584 2098 hostium
604 2058 714 2098 numero
733 2040 895 2108 desideratis,
918 2046 984 2116 quin

192 2118 278 2173 cuncti
287 2113 508 2188 uiviooporontur,
527 2116 599 2188 quod
608 2118 694 2189 pontis
703 2123 781 2188 atque
795 2116 924 2172 itinerum
938 2137 985 2174 en·

191 2189 777 2268 gustiaemultitudinilugumintercluserunt.
797 2188 935 2262 Oppidum
945 2193 986 2247 di-

192 2267 255 2340 ripit
271 2274 349 2339 etque
366 2264 489 2330 incendit,
509 2265 632 2336 praalum
651 2264 780 2320 militibus
795 2263 885 2331 donet,
909 2285 986 2322 excr-

192 2345 274 2399 citum
296 2341 412 2416 ligerim
432 2339 577 2398 transducit
597 2348 675 2412 atquo
696 2341 724 2396 in
742 2339 891 2414 Biturigum
917 2341 984 2398 lines

240 2418 320 2474 venit.
681 2419 684 2424 “

192 2435 305 2548 perXll.
324 2488 527 2564 Vercingetorix,
540 2487 587 2543 ubi
596 2487 629 2542 de
637 2487 754 2543 Caesaris
763 2488 876 2546 adventu
885 2505 985 2564 cogno·

193 2566 240 2630 vit,
259 2565 453 2697 oppupptctione
466 2563 563 2619 destitit
575 2570 653 2633 atque
664 2562 769 2618 obviem
781 2563 894 2622 clean,
923 2565 985 2620 resr-

193 2641 306 2713 uiscitur.
348 2641 371 2697 le
378 2639 506 2714 oppidum
517 2635 682 2714 [Biturigum
693 2637 807 2708 positum
815 2637 844 2693 in
853 2581 923 2713 visff
931 2641 985 2695 No·
