2042 3004
220 163 427 212 AFRICANO.
456 163 535 211 CAP.
549 165 589 210 14.
604 163 644 212 15.
774 161 819 214 dii

28 267 105 326 etita
122 262 352 330 condensaverant,
373 271 403 320 ut
420 263 510 336 procul
528 263 676 320 Caesariani
694 263 826 337 pedestres

28 342 120 416 copias
138 339 338 414 arbitrarentur3
359 345 385 393 et
401 337 525 394 dextrum
544 357 574 394 ac
590 340 730 394 sinistrum
744 357 826 396 cornu

27 416 117 492 magis
125 414 247 486 equinam
255 413 338 486 copiis
347 412 522 470 firmaverant.
533 413 826 470 InterimCaesaraciem

27 491 122 564 dir-igit
130 487 293 560 simplicem,
311 495 342 544 ut
350 494 462 560 poterat,
478 497 583 562 propter
591 489 762 561 paucitatem:
783 507 827 544 sa-

25 565 148 644 gittarios
162 571 226 618 ante.
236 563 318 620 aciem
328 563 474 619 constituit:
495 565 596 636 equites
605 563 696 618 dextro
705 563 842 620 sinistro.

27 660 84 716 que
96 655 177 693 cornu
188 637 305 710 opponit,
326 644 351 692 et
360 638 395 693 ita
403 637 538 710 praecipit,
558 644 588 692 ut
597 639 772 710 providerent,
794 655 827 694 ne

26 712 202 774 multitudine
217 712 475 786 equitatushostium
485 713 749 769 circumvenirentur:
770 714 827 768 exi-

15 787 156 848 stimabat
165 787 244 855 enim,
259 805 288 845 se
296 804 359 844 cum
367 787 533 860 pedestribus
542 787 624 864 copiis
636 789 690 846 acie
698 789 827 844 instructa

15 861 229 926 {dimicaturum
883 926 887 937 ἱ

15 961 16 968 ¹
85 937 158 993 XIV.
182 932 272 1004 Quum
293 937 429 1011 utrfflque
452 938 609 1010 exspectatio
631 938 715 1004 fieret,
740 955 827 1010 neque

15 1017 125 1073 *Caesar
138 1029 168 1067 se
181 1020 337 1078 removeret,
360 1019 455 1067 etcum
469 1029 579 1068 suorum
593 1014 721 1084 paucitate
737 1020 827 1068 contra

15 1089 157 1164 'magnam
175 1087 231 1142 vim
248 1087 365 1142 hostium
385 1085 493 1142 artificio
506 1087 601 1160 magis,
622 1101 704 1158 quam
713 1088 825 1154 viribus,

15 1161 226 1223 Idecernendum
238 1161 350 1230 videtet3
371 1161 460 1216 subito
473 1161 682 1217 adversariorum
695 1162 828 1233 equitatus

15 1256 89 1296 ¹sese
106 1236 245 1292 extendere
265 1242 291 1292 et
306 1235 336 1291 in
353 1233 520 1291 latitudinem
532 1245 684 1308 promovere
696 1235 829 1310 collesque

15 1313 17 1348 i
28 1311 169 1384 complecti
178 1317 204 1366 et
213 1309 332 1367 Caesaris
345 1311 492 1382 equitatum
503 1317 642 1366 extenuare
651 1309 786 1382 simulque
795 1310 829 1368 ad

15 1385 253 1445 tciroumenndnm
273 1401 423 1456 comparare
446 1402 474 1440 se
495 1391 642 1456 coeperunt.
681 1383 829 1440 Caesariani

29 1461 135 1536 equites
147 1475 239 1516 eorum
251 1459 449 1514 multitudinem
461 1475 537 1532 aegre
548 1458 722 1514 sustinebant.
753 1457 829 1514 Acies

15 1537 17 1570 ³
29 1536 140 1595 interim
151 1534 253 1591 mediae
261 1551 348 1606 quum
359 1550 512 1589 concurrere
520 1539 690 1599 conarentur„
700 1532 787 1587 subito
797 1550 830 1590 ex

15 1611 16 1642 ³
28 1611 174 1670 condensis
183 1609 279 1665 burmis
287 1608 388 1681 pedites
397 1608 527 1664 Numidae
536 1607 602 1664 levis
613 1615 759 1663 armaturae
768 1625 830 1662 cum

15 1713 16 1716 ¹
28 1685 170 1760 equitibus
179 1689 339 1755 procurrunt
352 1689 377 1738 et
391 1682 458 1737 inter
473 1682 628 1756 legionarios
638 1681 735 1738 milites
745 1681 830 1738 iacula

15 1758 188 1818 *coniiciunt
217 1758 275 1823 iiic,
297 1773 383 1830 quum
396 1756 543 1813 Caesariani
558 1757 586 1813 in
600 1773 644 1813 eos
655 1759 783 1830 impetum
793 1755 831 1812 ie-

29 1839 141 1899 cissent,
162 1831 270 1887 illorum
286 1833 387 1904 equites
405 1831 582 1907 refugiebant:
603 1832 703 1905 pedites
721 1831 828 1887 interim

29 1908 200 1972 resistebant,
216 1906 282 1962 dum
292 1907 394 1979 equites
402 1924 505 1975 mrsus,
521 1921 741 1974 cursurenovato,
756 1907 831 1980 pedi—

28 1987 106 2044 tibus
116 1983 174 2038 suis
184 1988 372 2040 succurrerent.

89 2059 151 2116 XV.
172 2057 281 2125 Caesar,
302 2074 371 2115 novo
406 2074 483 2114 enere
503 2075 608 2133 pugnae
625 2056 724 2123 oblato,
745 2075 831 2131 quum

32 2133 158 2192 animum
176 2133 332 2196 adverteret,
354 2074 458 2189 ordines
477 2150 587 2189 suorum
604 2133 632 2190 in
653 2134 832 2206 procurrendo

32 2207 149 2271 turbari,
168 2205 277 2279 (pedites
290 2208 371 2274 enim,
394 2207 459 2264 dum
471 2209 574 2281 equites
588 2207 694 2284 longius
704 2209 737 2264 nb
747 2208 832 2282 signis

32 2289 243 2356 persequuntur,
254 2281 450 2352 intereundum,
461 2285 612 2357 aproximis
622 2282 747 2340 Numidis
759 2283 833 2336 iacu-

15 2423 16 2428 ,
33 2357 72 2414 lis
83 2353 303 2425 vulnerabantur3
325 2357 425 2430 equites
439 2367 526 2420 antem
539 2359 657 2414 hostium
666 2356 753 2429 pilum
761 2355 834 2410 miii-

33 2433 72 2490 tis
87 2446 172 2486 cursu
188 2427 263 2485 facile
278 2431 404 2507 vitabant)
422 2433 500 2488 edicit
518 2451 565 2505 per
584 2432 699 2496 ordines,
722 2430 834 2501 nequis

34 2505 117 2564 miles
144 2503 178 2560 ab
203 2502 421 2578 signisquatuor
441 2508 521 2579 pedes
548 2505 654 2579 longius
675 2503 832 2577 precederet.

34 2580 182 2652 Equitatus
195 2577 300 2636 interim
306 2579 429 2648 Labieni,
451 2597 561 2638 suorum
571 2578 741 2636 multitudiue
753 2577 835 2636 eonfi-
868 2635 871 2640 Δ

37 2672 97 2721 sus,
118 2653 237 2740 Caeeqris
253 2654 409 2730 paucitatem
427 2656 566 2714 circumire
583 2661 704 2714 meatur:
734 2655 835 2730 equites
