2042 3004
183 146 232 203 ‘30
379 151 413 198 A.
432 150 560 197 HIRTII
576 149 627 194 DE
645 147 768 194 BELLO

183 267 305 328 aggerem
313 249 440 323 portabat,
453 247 811 315 militumossecredidisset3
834 249 897 304 sive
906 251 977 304 etiam
1005 303 1006 310 ,

184 327 280 384 fiducia
291 325 405 381 vetemm
414 323 541 379 exercitiis
552 325 604 388 sui,
615 341 698 395 quem
708 323 789 376 vicies
797 329 824 376 et
833 323 880 377 bis
892 324 922 378 iu
932 325 978 378 acie

183 401 332 460 conflixisse
348 408 375 456 ot
390 399 483 454 vicisse
504 397 581 471 legati
597 397 655 452 eius
672 396 872 470 gloriabantur:
903 398 977 453 simul

184 485 316 533 contemtu
327 474 455 529 exercitus
465 473 555 531 nostri.
573 487 652 544 quam
662 472 770 543 pulsum
782 489 846 537 ase,
869 473 979 528 Domitio

185 552 260 616 duwe,
267 551 374 614 sciebat,
385 549 450 604 inito
458 547 568 602 oonsilio
577 547 902 612 dimicandi,dasceudere
912 566 980 619 prae·

186 637 264 698 rupte
276 623 344 682 valle
357 623 450 695 coepit.
474 622 558 678 Cuius
572 621 735 694 aliquamdiu
744 621 844 678 Caesar
857 623 980 677 irridebat

187 703 292 758 inanem
303 698 500 756 ostentationem
512 706 538 752 et
549 714 581 752 eo
594 696 649 752 loco
658 695 772 750 militum
781 699 977 759 scortationem,

187 794 267 849 quarn
286 776 314 830 in
332 773 418 829 locum
437 789 515 828 nemo
533 789 614 826 sanus
632 771 715 826 hostis
735 771 882 826 subiturus
902 781 977 827 esset:

187 869 272 923 quum
282 849 386 904 interim
399 847 546 902 Pharnaces
559 847 650 902 eodem
660 845 755 919 gradu,
775 863 833 918 quo
842 856 979 918 pnerupu

188 926 215 982 in
225 921 354 997 proelium
362 920 613 986 dasomderatvalle
632 920 788 976 adscendere
798 921 933 978 advorm
944 939 980 976 ar-

188 1001 272 1056 duum
281 996 374 1054 collem
384 997 519 1052 instructis
526 997 609 1068 copiis
617 997 710 1068 acepit.

241 1117 350 1173 LXXV.
370 1117 472 1178 Caesar,
487 1114 633 1171 incredibili
643 1116 699 1170 eius
712 1113 753 1170 vel
763 1117 923 1192 temeritate,
944 1117 980 1170 vel

188 1191 283 1248 fiducia
292 1197 447 1256 commotus,
454 1207 538 1262 neque
547 1191 658 1262 opinans
668 1191 867 1262 imparatusque
875 1209 982 1266 oppres·

189 1287 244 1334 sus,
266 1266 356 1322 eodem
370 1276 485 1337 tempore
499 1264 595 1320 milites
615 1266 648 1320 ab
661 1265 784 1338 operibus
801 1274 888 1332 vocat,
913 1285 981 1322 arma

188 1360 279 1416 capere
288 1343 369 1406 iubet,
380 1341 495 1412 legiones
507 1341 615 1411 opponit
624 1341 759 1414 aciemque
767 1339 893 1398 instruit:
909 1344 982 1398 cuius

189 1419 226 1474 rei
241 1418 327 1473 subita
341 1415 478 1490 trepidatio
490 1432 616 1490 magnum
632 1423 754 1470 terrorem
764 1415 862 1470 adtulit
875 1418 981 1474 nostris.

189 1493 312 1549 Nondum
323 1491 460 1547 ordinibus
471 1489 613 1555 instructis²
629 1489 732 1546 fricatae
741 1489 828 1564 regiae
837 1491 983 1566 quadrigae

189 1569 332 1642 permixtos
354 1566 450 1621 milites
471 1565 636 1636 perturbant3
669 1581 737 1636 quae
756 1571 846 1620 umen
868 1567 983 1622 oeleriter
1009 1617 1010 1624 ,

190 1640 678 1712 multitudiuetelorumopprimuntur¹
698 1639 913 1710 Insequiturbas
921 1644 983 1696 acies
1009 1635 1010 1642 '

190 1719 305 1774 hostium
319 1725 344 1772 et
358 1715 469 1772 clamore
481 1713 583 1769 sublato
596 1713 752 1788 confligitur,
770 1713 889 1770 multum
912 1717 983 1772 adiu-

191 1801 267 1848 vante
290 1801 381 1847 natura
401 1790 463 1856 loci,
493 1789 639 1862 plurimum
663 1789 771 1846 deorum
792 1789 983 1848 immortalium

191 1869 363 1941 benignitate:
385 1866 432 1938 qui
449 1883 534 1938 quum
553 1863 678 1920 omnibus
696 1863 802 1918 casibus
821 1864 886 1920 belli
908 1867 984 1922 intor-

190 1952 261 2006 sunt‚
282 1951 338 1996 tum
357 1941 495 2014 praecipue
514 1941 561 2006 eis,
581 1939 680 2014 quibus
699 1937 766 1994 nihil
784 1939 885 1996 ratione
901 1943 985 2016 potuit

191 2017 378 2073 administrari.

245 2125 365 2180 LXXVI.
385 2125 480 2198 llagno
487 2133 567 2196 atqua
576 2123 627 2178 aeri
641 2121 899 2195 proaliooommiuus
910 2124 984 2188 lacto,

192 2201 284 2258 dextro
298 2215 389 2264 cornu,
408 2215 462 2271 quo
480 2208 600 2254 veterana
615 2197 683 2272 legio
696 2205 770 2252 sexta
779 2206 837 2252 erat
849 2198 984 2264 collocata,

191 2276 297 2334 initium
308 2273 429 2330 victoriae
441 2282 531 2329 uatum
542 2282 591 2329 ast.
611 2274 653 2329 th
666 2291 696 2328 ea
705 2279 777 2344 parts
786 2289 874 2346 quum
889 2274 919 2330 in
929 2293 986 2347 pro·

192 2348 576 2415 clivedctrudarentarhostes3
597 2348 681 2404 multo
693 2347 802 2412 tardius,
821 2347 872 2402 sad
886 2356 984 2414 umen,

193 2426 287 2482 iisdem
297 2425 348 2480 diis
358 2423 553 2489 adiuvantibus,
574 2424 680 2478 sinistro
690 2421 986 2495 cornumediaqueacio

191 2508 259 2628 tbqtae
273 2497 544 2628 qrctligmturloopiae
557 2498 627 2626 qqgis
634 2515 739 2627 oeqouaqe
746 2495 931 2628 quauqdlocilel
943 2517 985 2554 su-

191 2590 444 2717 stultu
452 2589 620 2720 ,iilud
639 2591 729 2719 cale
740 2588 840 2705 litis
849 2589 985 2704 luda
