2072 2998
117 143 119 147 ’
187 137 252 191 476’
356 141 432 210 κ1)Ὲῖ
454 141 579 215 BELLQ
603 139 768 188 cancico

185 243 243 298 luce
261 256 389 316 magnum
410 259 551 298 numerum
567 241 813 314 impedimentorum
831 256 867 297 ox
885 243 979 299 castris

185 317 372 390 mulorumque
381 317 497 390 produci,
518 334 585 388 eque
594 317 627 370 iis
640 322 779 375 stramenta
788 315 903 384 detrahi,
919 336 980 373 mu-

184 392 321 466 lionesque
329 409 390 447 oum
400 391 556 456 cassidibus,
570 392 689 462 equitum
699 389 784 462 specie
793 407 823 445 ac
831 391 980 448 simulatio

186 485 228 533 ne,
240 466 350 522 collibus
359 465 519 522 circumvehi
528 465 610 520 iubet.
630 464 856 537 Hispaucosaddit
864 469 977 540 equites,

186 543 232 615 qui
251 541 328 596 latius
340 541 518 596 ostentationis
529 557 622 595 caussa
635 547 800 612 vagarentur.
825 541 921 616 Longo
930 544 979 598 cir-

185 617 259 672 cuitu
267 615 371 672 easdem
382 633 473 671 omnes
482 615 554 670 iubet
566 621 651 688 petere
665 617 790 688 regiones.
810 615 881 671 llaec
889 617 978 690 procul

185 709 219 747 ex
229 691 325 763 oppido
333 690 499 755 videbantur,
518 697 549 746 ut
562 696 617 745 erat
629 688 782 762 aGergovia
796 689 938 762 despectus
953 696 977 748 ia

186 775 282 833 castra;
303 783 389 837 neque
399 771 470 820 tanto
479 765 571 837 spatio,
593 763 655 820 corti
669 763 735 836 quid
748 770 825 829 esset,
847 767 977 838 explorari
1019 819 1020 830 ,

185 848 293 913 poterat.
314 841 454 914 Legionem
472 857 554 894 unam
572 839 663 894 eodem
677 839 739 912 iugo
752 838 833 893 mittit
846 847 873 894 et
891 841 977 914 paullo

186 933 351 988 progressam
365 914 485 970 inferiore
497 913 632 970 constituit
645 913 700 968 loco
713 912 844 986 silvisque
857 916 976 972 occultat

186 989 391 1064 AugeturGallis
400 989 515 1063 suspicio
524 996 603 1062 atque
610 987 752 1043 omnesillo
759 987 793 1042 ad
801 991 977 1048 munitionem

186 1065 274 1136 copiae
279 1065 492 1120 transducuntur.
504 1064 590 1120 Vacua
598 1070 681 1118 castra
690 1062 911 1121 hostiumCaesar
917 1083 978 1124 con·

186 1141 310 1211 spicatus,
322 1140 394 1196 tectis
405 1137 556 1214 insignibus
565 1155 683 1204 sucrum,
694 1137 884 1211 occultatisque
893 1141 978 1218 signis

186 1214 359 1281 militaribus,
381 1231 455 1270 raros
462 1213 570 1278 miirtes,
585 1230 619 1268 ne
632 1229 665 1268 ex
675 1211 772 1284 oppido
785 1214 979 1274 animadverte·

186 1297 285 1356 rentur,
297 1307 330 1346 ex
339 1289 483 1344 maioribus
493 1287 583 1344 castris
596 1287 739 1343 inminere
748 1288 896 1346 transducit
909 1291 979 1367 lega·

185 1365 281 1436 tisque,
302 1381 369 1436 quos
379 1363 492 1438 singulis
502 1362 650 1450 legionibus
658 1360 821 1434 praefecerat,
843 1364 978 1436 quidlierl

186 1439 405 1506 vellet,ostendit:
421 1439 447 1495 in
459 1439 552 1510 primis
562 1444 658 1502 monet,
670 1445 700 1492 ut
708 1438 859 1494 contineant
868 1441 976 1507 milites,

186 1533 219 1570 ne
228 1514 314 1570 studio
324 1514 509 1589 pugnandiaut
518 1531 566 1586 spe
574 1512 684 1584 praedae
692 1511 797 1586 longius
805 1517 979 1588 progredian-

97 1590 103 1603 ¹
186 1599 244 1645 tur:
263 1590 329 1663 quid
343 1588 635 1662 iniquitaslocihabeat
648 1587 817 1652 incommodi,
838 1593 975 1663 proponit:

186 1664 236 1720 hoo
254 1682 309 1720 una
328 1663 456 1720 oeleritats
473 1681 551 1736 posse
567 1662 659 1718 vitari:
679 1661 821 1720 occasionis
836 1679 897 1720 esse
911 1683 974 1731 rem,

185 1756 240 1794 non
258 1739 359 1810 proelii.
387 1739 434 1794 His
453 1738 532 1794 rebus
550 1737 684 1810 expositis,
705 1737 813 1812 signum
830 1737 886 1806 dat,
907 1749 934 1797 et
945 1743 976 1796 ab

185 1813 277 1868 dextra
298 1820 372 1885 parte
387 1812 445 1869 alic
467 1812 596 1869 adscensu
616 1811 708 1868 eodem
731 1820 856 1884 tempore
871 1814 975 1872 Aeduos

185 1887 274 1941 mittit.

239 1961 331 2016 XLVI.
350 1959 447 2034 Oppidi
461 1978 554 2017 murus
568 1961 602 2017 ab
614 1960 722 2033 planitie
739 1969 819 2034 atque
837 1963 915 2021 initio
932 1964 974 2022 cd-

186 2051 304 2100 soensus,
316 2043 383 2091 recta
393 2037 536 2110 regione‚si
548 2036 639 2092 nullas
649 2035 789 2094 amfractus
799 2037 971 2106 intercederet,

186 2107 255 2164 MCC
270 2126 365 2180 passus
383 2111 483 2167 aberat:
504 2111 637 2183 quidquid
650 2109 713 2167 huic
725 2111 974 2171 arauimsadnot

186 2182 304 2240 liendum
313 2182 413 2240 clivum
421 2193 569 2251 accesserat,
581 2186 608 2240 id
618 2189 733 2258 spatium
743 2186 844 2243 mineris
856 2191 973 2266 augebat.

185 2259 220 2316 At
229 2258 315 2315 medio
327 2258 380 2315 fere
391 2259 456 2316 colle
470 2261 497 2316 in
512 2259 712 2336 longitudinem,
732 2268 763 2317 ut
773 2269 866 2319 natura
881 2265 974 2322 montis

184 2333 292 2402 ferebat,
310 2351 344 2391 ox
357 2335 503 2410 mandibus
521 2335 593 2390 saxis
611 2353 659 2392 sex
676 2336 775 2410 pedum
789 2355 909 2408 murum,
930 2339 973 2414 qni

185 2417 335 2467 nostrorum
342 2411 469 2486 impetum
478 2410 597 2476 tardaret,
603 2411 972 2489 praeduxerantGalli,atque,

185 2484 306 2542 inferiore
314 2487 387 2543 omni
397 2487 480 2560 spatio
490 2501 573 2542 vacuo
584 2484 681 2552 relicto,
700 2488 863 2560 superiorem
877 2500 973 2564 partem

118 2565 123 2576 ¹
185 2558 356 2636 collisusque
369 2562 402 2618 ad
412 2579 519 2618 murum
529 2559 619 2635 oppidi
628 2556 793 2618 densissimis
803 2565 897 2620 castris
906 2583 974 2622 oom-

26 2639 29 2647 ·
134 2661 138 2667 ,
184 2632 329 2720 pleve'rant.
350 2637 453 2704 Milites,
471 2638 531 2694 dato
539 2637 624 2713 signo,
636 2635 752 2693 celeriter
760 2636 793 2693 ad
801 2639 973 2696 munitionem
