2072 2998
287 143 358 188 LIB.
372 143 439 190 VIII.
469 143 550 190 cAP.
565 145 605 190 lt.
620 146 663 191 12.
830 144 875 196 ΞΗ

79 259 163 316 quem
180 238 328 314 proiectum
348 241 382 296 ad
402 241 503 298 auxilia
516 242 710 300 Germanorum
728 249 881 304 aroessenda

78 317 167 382 dooui,
191 333 255 370 oum
265 315 402 387 equitibus
416 325 535 372 venerat:
556 317 604 390 qui
618 319 754 374 tamenetsi
769 339 881 378 numero

77 409 132 448 non
142 389 262 462 amplius
271 397 346 445 erant
363 391 515 465 quingenti,
534 400 621 448 tamen
631 392 827 450 Germanorum
834 397 882 451 ad·
947 397 951 404 '

77 474 160 524 ventu
170 464 279 522 barbari
290 463 460 522 inflabantur.

130 542 182 596 XI.
204 539 799 610 Caesar,quumanimnmadvertaret,hostem
808 559 879 598 oom-

75 616 170 689 plures
183 613 242 670 dies
255 613 358 679 eastris,
379 613 476 685 palude
488 623 515 670 et
530 615 580 671 loci
594 623 688 672 natura
702 617 828 682 munitis,
850 636 880 674 sa

76 701 178 758 tenere3
194 705 283 762 neque
292 689 441 762 oppugnari
451 697 534 746 castra
543 705 635 746 eorum
644 691 703 746 sine
712 690 880 747 dimicatione
961 731 967 744 .

75 764 235 838 perniciosa,
251 779 300 818 neo
314 762 402 818 looum
415 763 610 820 munitionibus
621 764 720 832 olaudi,
736 766 788 822 nisi
797 784 813 821 a
822 784 881 822 ma-

76 843 131 896 iora
140 838 269 903 exercitu,
283 852 377 910 posse:
397 835 496 894 litteras
509 837 544 894 ad
557 839 717 896 TrebonIum
732 840 821 906 mittit,
838 850 877 905 ut,

74 932 161 987 quam
175 911 312 968 celerrime
326 919 422 983 posset,
445 911 575 988 legionem
590 915 661 981 XIII,
682 933 752 987 quae
766 932 829 972 oum
847 917 878 970 T.

2 1019 8 1032 ι
75 989 167 1064 Sextio
177 986 263 1062 legato
273 986 301 1042 iu
311 986 475 1060 Biturigibus
485 987 626 1054 hiemabat,
638 997 786 1056 aroessemt,
800 998 881 1062 atque

76 1066 110 1120 ita
119 1081 185 1118 oum
196 1061 283 1116 tribus
292 1059 441 1134 legionibus
451 1079 533 1134 quam
544 1063 649 1136 magnis
658 1064 797 1120 itinerIbus
807 1065 840 1120 ad
851 1082 880 1118 sa

75 1138 192 1194 venIret:
214 1135 272 1207 ipse
281 1135 383 1206 equitas
398 1135 426 1191 in
436 1135 521 1191 vinem
531 1136 674 1194 Remorum
687 1155 718 1193 ao
726 1139 879 1214 Lingonum

75 1212 299 1285 reliquarumque
307 1209 454 1276 civitatum,
470 1227 586 1282 quorum
595 1230 724 1286 magnum
735 1231 878 1270 numerum

74 1291 240 1350 evocaverat,
253 1283 384 1355 praesidio
393 1284 608 1355 pabulationibus
618 1287 707 1359 mittit,
718 1288 767 1359 qui
776 1288 878 1346 subitas

75 1361 195 1434 bostium
206 1357 370 1416 incursiones
379 1361 548 1415 sustinerent.

129 1435 192 1490 XII.
214 1431 293 1500 Quod
308 1450 394 1506 quum
408 1433 526 1505 quotidie
535 1433 617 1499 tieret,
629 1451 659 1490 ao
674 1431 728 1489 iam
737 1443 880 1492 eonsuetu-

72 1511 138 1566 dine
159 1507 299 1582 diligentia
319 1507 492 1574 minueretur,
516 1507 589 1580 quod
610 1506 769 1579 plerumque
785 1509 879 1564 aooidit

72 1583 260 1648 dluturuitate,
271 1580 411 1649 bellovaci,
423 1582 521 1638 delente
531 1599 613 1638 manu
623 1580 753 1653 peditum,
765 1583 879 1655 nognitis

72 1655 405 1729 stationibusquotidianis
414 1655 879 1730 equitumnestrorum,silvestribus

74 1735 142 1790 lonis
152 1731 434 1802 insidiasdisponunt;
456 1731 602 1804 eodemque
611 1729 712 1802 equites
722 1730 879 1800 posterodia

73 1808 196 1872 mittunt,
218 1803 762 1878 quiprimumelioereutnosnosinsidiis,
783 1804 879 1860 deindo

71 1885 271 1940 circumventos
290 1898 306 1936 a
343 1879 503 1936 roderentur.
528 1879 611 1937 Cuius
629 1878 693 1936 mali
711 1897 768 1936 sors
786 1878 880 1936 lnoidit

73 1957 182 2023 Remis,
205 1955 307 2027 quibus
320 1955 330 2008 i
342 1954 366 2010 le
378 1954 435 2012 dles
449 1954 497 2010 lun
517 1955 578 2012 endi
593 1954 711 2012 muneris
725 1955 877 2012 obvenerat.

54 2036 200 2104 'Namque
219 2029 248 2095 ii,
269 2045 356 2100 quum
375 2037 480 2102 repente
498 1973 617 2086 Iastium
634 2030 737 2102 equites
755 2031 878 2087 animum

71 2106 254 2165 advertissent
266 2120 297 2158 ao
313 2121 425 2160 numero
437 2104 585 2176 superiores
595 2106 751 2177 paucitatem
761 2114 879 2164 oontem-

70 2184 182 2247 sissent,
205 2177 331 2251 cupidius
349 2177 470 2245 insecuti,
491 2196 507 2237 a
526 2179 659 2251 peditibus
679 2181 799 2253 undique
815 2189 879 2236 sunt

70 2254 248 2314 circumdati:
269 2251 401 2324 quoiaeto
409 2255 564 2326 perturbati,
585 2254 706 2321 oeleriue,
723 2273 805 2327 quam
815 2272 879 2308 oon-
905 2297 908 2300 .

70 2330 188 2390 suetudo
208 2327 259 2384 lert
276 2328 406 2399 equestris
425 2328 526 2400 proelii,
548 2347 577 2386 se
598 2337 760 2401 reoeperunt,
780 2327 879 2384 amisso

70 2406 208 2470 Vertisoo,
232 2401 353 2474 principa
370 2403 496 2469 civitatis,
519 2403 648 2476 praelecto
667 2403 802 2474 equitum:
831 2402 878 2472 qui

70 2498 162 2555 quum
172 2479 221 2537 vix
230 2493 301 2549 equo
309 2485 415 2550 propter
424 2486 534 2534 aetatem
544 2485 632 2550 posset
642 2477 693 2542 uti,
707 2483 805 2541 tamem
816 2492 880 2530 oon-

71 2551 219 2612 suetudine
228 2551 377 2617 Gallorum,
384 2570 472 2625 neque
479 2553 569 2610 aetatis
578 2549 784 2608 exeusationem
794 2550 880 2607 susei-

72 2628 171 2706 pienda
181 2625 345 2703 praefectura
363 2644 430 2686 rasus
448 2635 511 2696 erat,
531 2614 619 2702 neqrie
635 2623 756 2682 dimicari
774 2624 833 2680 sine
851 2643 880 2682 se
