2078 2996
164 135 214 192 300
392 139 442 184 DE
464 139 589 186 BELLO
608 139 727 188 c1v1n1

216 238 315 296 XXIII.
334 236 432 294 lisdem
449 238 610 309 temporibus
629 239 660 296 C.
679 239 772 306 Curio,
792 239 822 297 in
840 240 968 300 tolcam

161 313 292 388 proiectus
301 329 335 372 ex
343 311 441 378 steilo.
455 321 481 368 et
491 313 546 368 iam
554 313 589 368 ab
597 313 673 370 initio
681 315 769 387 oopiae
777 315 806 370 P.
819 314 889 374 Attii
898 319 966 374 Veri

162 389 316 461 despiciens,
340 387 407 444 duas
420 386 534 460 legiones
547 395 716 460 arquatum,
733 405 801 461 quas
816 406 832 445 a
846 391 966 448 Caesare

161 470 302 536 aooepsrat,
316 469 342 518 et
350 460 509 548 quinqentos
518 461 620 534 equites
633 463 838 535 transportatam
859 465 964 522 biduo-

161 555 216 612 que
228 546 254 594 et
266 535 387 594 noctibus
399 535 485 592 tribus
497 536 664 611 navigatione
676 539 831 604 numeratis,
846 540 963 612 adpellit

161 613 195 670 ed
214 629 276 668 eum
294 609 391 677 lotum,
410 610 459 683 qui
476 609 621 682 adpellatur
638 611 784 684 Aquilaria.
803 613 863 668 llio
882 613 961 672 loeus

161 687 235 744 abest
251 703 267 743 e
280 684 387 758 Clupeis
402 701 532 758 passuum
546 684 625 742 XXII
641 685 734 754 millia,
755 686 891 760 habetque
903 707 961 747 non
1019 689 1020 696 ’

161 759 354 821 incommodam
364 765 459 816 aestate
471 760 608 820 stationem
622 767 648 816 et
659 759 764 818 duobus
773 761 960 820 eminentibus

159 835 344 910 promontoriis
363 834 519 890 eontinetnr.
549 834 634 890 liuius
650 833 795 892 adventum
807 836 841 894 L.
857 837 960 894 Caesar

159 911 233 968 lilius
246 925 308 965 oum
327 909 416 964 deoem
428 906 514 984 longis
525 908 639 966 navibus
649 907 683 967 ud
695 908 822 981 Clupeam
835 921 959 982 praesto·

159 985 228 1049 lans,
238 1000 390 1056 quasnavos
400 983 495 1049 Uticae,
506 999 540 1040 ex
548 982 709 1055 praedonum
717 982 954 1054 uenerandumne,

158 1060 190 1116 Ρ.
199 1058 285 1114 Attius
294 1057 446 1114 reficiendae
455 1057 537 1114 huius
545 1057 609 1120 belli
620 1074 712 1114 mussa
721 1068 865 1128 curaverat,
881 1063 957 1118 veri·

158 1142 256 1206 tueque
264 1132 373 1190 navium
383 1131 580 1188 multitudinem
589 1148 623 1188 ex
634 1130 687 1190 alto
695 1131 834 1207 refugerat,
854 1135 956 1208 adpul-

158 1224 242 1280 saque
250 1205 283 1262 ad
292 1207 444 1280 proximum
454 1205 527 1262 littus
535 1206 641 1262 trireme
649 1214 778 1264 oonstrata
787 1216 814 1264 ot
828 1209 858 1266 in
866 1209 955 1268 littore

158 1283 255 1348 relicta,
270 1281 384 1354 pedibus
398 1280 575 1336 Adrumetum
588 1279 751 1356 profugerat:
770 1281 807 1356 (id
819 1285 954 1357 oppidum

159 1356 451 1431 uuonsidiusnongus
459 1355 541 1412 unios
551 1354 661 1486 legonus
669 1355 799 1429 praesidio
807 1359 954 1435 menarum)

156 1433 274 1506 reliquae
282 1431 400 1489 Caenis
409 1447 490 1488 naves
502 1429 560 1486 olus

156 1515 262 1582 parunt.
281 1509 468 1564 llenoseoutus
477 1506 512 1562 M.
522 1504 608 1564 liuius
621 1514 743 1579 quaestor
754 1507 870 1566 neribus
881 1510 951 1568 diro·

157 1584 251 1648 decim.
270 1599 338 1656 quae
350 1581 481 1656 praesidio
489 1581 615 1638 onerariis
626 1582 741 1638 navibus
750 1581 829 1640 Curio
838 1601 872 1640 ex
881 1583 950 1642 Siei-

156 1657 192 1714 lin
201 1658 334 1724 aduerat,
355 1664 495 1730 postquam
508 1655 537 1712 in
549 1655 634 1712 littore
647 1655 763 1714 relictam
776 1675 873 1714 narem
883 1675 950 1716 oon·

156 1733 332 1864 ‹srlpem'rildm
339 1731 457 1790 remuloo
465 1731 605 1795 monuit:
626 1731 684 1805 ipse
693 1731 727 1791 ad
735 1730 876 1790 Curionem
885 1750 949 1792 oum

181 1826 239 1865 asse
295 1808 324 1864 it.
419 1820 421 1824 ’

210 1882 307 1956 XXlV.
327 1881 407 1940 Curio
419 1882 537 1940 liranum
549 1880 651 1940 litioam
664 1881 778 1938 navibus
789 1883 945 1956 praemittit:

155 1956 213 2028 ipse
232 1956 324 2012 eodem
340 1974 404 2014 oum
422 1957 538 2014 exercitu
555 1957 736 2030 psollenniter,
755 1956 885 2045 ltiduiquo
896 1958 946 2012 iter

154 2030 789 2182 lttttntiltsstlltlffiffitl
806 2030 944 2178 iiiiii?

154 2180 284 2321 en
292 2179 945 2328 un

154 2330 332 2390 ldaulemost
344 2329 439 2406 iugum
448 2329 586 2396 directum,
607 2330 854 2396 eminensinmare‚
874 2338 945 2388 utra-

156 2421 210 2479 que
222 2423 257 2462 ex
273 2413 346 2478 parte
410 2411 534 2480 eruptum
546 2411 625 2476 atqua
637 2421 770 2476 asperum,
793 2403 841 2460 eed
858 2411 943 2460 tamen

155 2479 247 2552 paullo
255 2479 352 2538 leniora
400 2481 465 2555 ligio
472 2480 508 2538 eb
519 2495 549 2536 ea
557 2485 638 2550 parte,
650 2495 720 2550 quae
730 2479 765 2536 ed
774 2477 877 2534 Utinam
887 2497 945 2536 eor·

154 2555 203 2626 git.
223 2554 510 2612 Abestdireotoitinare
518 2553 552 2610 ab
565 2551 637 2608 Utica
651 2551 740 2624 paullo
753 2551 870 2624 amplius
885 2569 943 2624 pos-

155 2643 234 2682 suum
245 2629 326 2685 milla.
345 2630 397 2687 Sed
406 2629 551 2686 hooitinore
559 2634 599 2683 eet
607 2624 675 2692 lons,
686 2641 741 2702 quo
750 2642 822 2682 maro
830 2627 943 2684 suooodit

601 1448 636 1506 ga
648 1429 823 1488 Adrumetum
836 1451 866 1490 sa
879 1453 953 1493 reco-
1023 1459 1024 1484 l
