2078 2996
182 151 231 204 dio
408 153 458 200 DE
475 145 598 199 B'ELLO
618 150 739 198 c1v11.1

180 254 342 330 probandam
352 253 458 310 adiuvat
466 251 645 316 adolescentia,
657 249 809 324 magnitudo
818 249 918 317 animi,
935 270 988 308 su·
1028 279 1029 310 i

181 331 289 404 periuris
299 329 422 401 temporis
431 332 580 399 proventus.
597 321 691 380 fiduc'ie
705 326 740 379 rei
755 325 820 380 bena
832 328 986 398 gerendae.
1028 329 1029 332 ’

182 406 228 460 His
246 404 325 460 rebus
345 403 484 475 impulsus,
505 401 651 471 equitatum
669 415 773 454 omnem
795 399 880 469 prima
904 413 987 457 nocta

182 480 216 534 ad
225 487 308 534 castra
317 465 432 534 hostium
442 474 529 540 mittit,
546 474 579 529 ad
591 471 690 529 flumen
707 474 860 548 Bagradam,
873 477 985 546 quibus

183 561 297 627 praeerat
316 553 425 618 Sabura,
444 551 543 621 dequo
557 558 616 605 ente
631 555 684 604 erat
702 549 831 604 auditum.
856 549 912 604 Sed
933 570 986 607 rex

182 629 306 684 omnibus
318 627 399 698 copiis
412 622 598 698 insequebatur
609 632 634 678 et
651 641 698 679 sex
711 623 825 678 millium
844 641 984 695 passuum

183 702 318 759 intervallo
330 703 362 757 ab
371 701 471 757 Sabura
491 699 650 754 consederat.
679 699 787 770 Equites
805 698 883 752 missi
902 709 984 756 nocte
1027 713 1029 744 t

183 779 231 833 iter
240 777 379 832 conficiunt
389 775 620 848 imprudentesque
628 781 706 845 atque
716 773 881 845 inopinantes
891 773 982 830 hostis
1028 825 1029 840 1

183 851 383 926 adgrediuntur:
404 850 534 905 Numidae
547 849 627 913 enim,
648 847 762 919 quadam
782 847 895 903 barbara
913 867 982 905 oon-

183 926 329 991 suetudine,
352 923 432 980 nuliis
451 924 589 980 ordinibus
604 923 702 994 passim
721 922 902 978 consederant.
925 926 980 980 Hos
1028 965 1029 972 κ

181 1016 319 1074 oppressos
338 1015 430 1054 somno
443 1007 468 1054 et
483 997 613 1070 dispersos
628 996 709 1052 adorti
731 1013 861 1070 magnum
883 1015 979 1055 eorum

183 1091 323 1130 numerum
333 1073 503 1142 interficiunt;
518 1073 594 1129 multi
605 1072 730 1144 perterriti
740 1069 907 1145 profugiunt.
918 1074 979 1142 Quo

182 1148 257 1214 iacto,
274 1149 307 1204 ad
316 1148 456 1205 Curionem
468 1149 568 1222 equites
577 1153 741 1205 revertuntur
758 1147 931 1221 captivosque
945 1149 978 1203 ad

182 1241 243 1280 eum
253 1223 389 1280 reducunt.

237 1299 362 1356 XXXIX.
383 1299 461 1356 Curio
479 1315 540 1354 cum
557 1297 680 1353 omnibus
698 1295 780 1367 copiis
797 1304 892 1368 quarta
906 1299 978 1372 vigi-

183 1372 218 1430 lie
227 1375 333 1441 exierat,
345 1374 618 1446 cohortibusquinque
627 1372 717 1428 castris
729 1371 857 1442 praesidio
870 1372 976 1428 relictis.

182 1450 339 1526 Progressus
350 1449 432 1504 millia
440 1465 568 1522 passuum
581 1465 635 1512 sex,
656 1447 756 1519 equites
769 1447 902 1512 convenit,
920 1465 977 1503 rem

183 1533 283 1600 gestam
296 1525 429 1599 cognovit:
455 1541 487 1578 ex
500 1522 609 1594 captivis
621 1521 732 1593 quaerit.
750 1521 812 1593 quis
830 1522 925 1578 castris
943 1523 977 1580 ad

183 1600 327 1674 Bagradam
339 1598 450 1672 praesit?
468 1595 777 1669 respondent,Saburam.
797 1596 909 1669 Reliqua
919 1605 978 1653 stu-

183 1674 228 1729 dio
238 1675 336 1730 itineris
345 1673 500 1730 conficiundi
511 1667 635 1743 quaerere
643 1670 829 1742 praetermittit,
840 1673 977 1743 proxima·

184 1765 236 1820 que
246 1749 385 1821 respiciens
395 1748 479 1822 signa,
496 1749 628 1810 Videtisne,
640 1745 734 1818 inq'uit,
746 1747 847 1810 milites,
859 1752 978 1815 captiuo-

184 1829 395 1879 remorationem
411 1842 467 1878 cum
481 1827 596 1892 perfugia
611 1817 763 1876 conuenire?
780 1823 867 1874 abesse
880 1839 975 1890 repam,

184 1903 294 1966 erigens
306 1915 359 1952 esse
368 1901 455 1965 copiae
464 1903 563 1960 missus,
584 1913 650 1966 quae
657 1899 750 1964 paucis
762 1897 889 1964 equitibus
895 1913 978 1963 parea

183 1970 612 2038 essenonpotuerunt?Proindeud
617 1975 750 2038 praedam,
757 1971 904 2038 adglorians
905 1987 977 2037 pro-

181 2051 279 2112 parate,
300 2054 329 2098 ut
342 2047 976 2114 iomdeproemiieueetrieatderetermdoprotio

185 2119 976 2192 copitareincipiemas.Erantpersemagna,qua‘egesserant

184 2191 293 2264 equites,
301 2193 451 2263 praesertim
460 2209 544 2265 quum
554 2195 643 2247 eorum
654 2193 767 2266 exiguus
777 2210 904 2249 numerus
913 2210 983 2252 cum*

184 2273 254 2323 tanta
263 2266 613 2323 multitudineNumidarum
623 2266 794 2334 coniuratum
815 2267 879 2323 haec
889 2277 974 2324 tamen

185 2343 218 2400 ab
229 2342 293 2414 ipsis
306 2340 420 2397 inflatius
432 2341 711 2408 commemorabantur,
733 2350 761 2396 ut
774 2341 807 2397 de
820 2344 876 2398 suis
889 2343 974 2398 homi-

185 2435 232 2472 nes
242 2417 365 2472 laudibus
378 2415 487 2472 libenter
500 2416 657 2488 praedicant.
677 2416 758 2472 Multa
772 2426 901 2487 praeterea
914 2435 974 2489 spo-

186 2491 219 2545 lia
235 2490 451 2562 praeferebantur,
472 2491 538 2562 capti
553 2490 672 2544 homines
687 2491 840 2562 equitesque
849 2491 973 2562 produca-

186 2565 295 2621 bantur:
315 2573 353 2631 ut,
368 2565 499 2638 quidquid
509 2564 675 2620 intercederet
685 2565 816 2634 temporis.
834 2565 883 2619 hoc
897 2582 972 2621 omne

186 2639 320 2694 victoriam
334 2641 430 2696 morari
447 2640 583 2696 videretur.
603 2639 640 2692 lte
654 2640 710 2711 spei
724 2638 845 2693 Curionis
860 2638 971 2696 militum
