2072 2998
178 175 228 232 2⁴0
402 181 452 226 DE
470 179 594 227 BELLO
615 177 736 226 CIVILI

178 282 257 337 rebus
267 280 300 336 sd
311 288 431 336 senatum
441 279 562 336 refertur:
583 287 636 335 tots
646 279 717 334 ltalia
731 279 846 336 dilectus
861 280 980 339 habean-

177 365 234 424 tur,
250 358 363 412 Faustus
372 355 444 411 Sulla
456 363 604 427 propraetor
614 356 839 411 inltlauritaniam
847 359 976 428 mittatur,

178 433 288 505 pecunia
300 433 338 487 uti
352 449 386 487 ex
405 431 505 490 aerario
518 430 640 517 Pompeio
655 430 740 486 detur.
761 429 889 486 Refertur
903 437 977 491 etiem

178 508 212 562 de
226 525 293 581 rega
299 507 378 572 lube,
401 514 431 560 ut
443 506 530 560 socius
549 506 583 560 sit
601 513 679 576 atque
697 505 813 560 amicus:
837 507 977 564 Marcellus

178 599 241 638 voro
250 599 392 711 passurum
405 599 433 636 se
446 581 629 652 inpraesentia
643 586 729 653 nogat.
759 581 797 635 De
810 581 938 638 Fausto
930 603 977 639 un·

178 657 250 730 pedit
271 642 422 728 Philippus,
440 657 565 710 tribunus
583 655 676 727 plebis.
708 657 745 709 De
764 655 880 728 reliquis
901 661 977 714 rebus

178 731 404 787 senatusconsulta
414 732 620 802 perscribuntur,
642 730 790 801 provinciec
804 731 921 802 privatis
936 736 977 789 de·

178 814 331 871 cernuntur,
348 805 592 870 duaeconsularcs,
608 805 724 876 reliquas
740 808 902 875 praetoriae:
924 809 977 864 Sci-

178 881 251 954 pioni
267 881 374 935 obvenit
386 881 477 953 Syria,
498 881 530 935 L.
546 880 659 936 Domitio
673 879 768 934 Gallia
797 880 988 954 Philippuset‘

178 953 317 1011 Marcellus
325 955 429 1026 privato
437 955 546 1010 oonsilio
555 961 763 1027 praetereuntur
785 972 876 1028 neque
886 977 978 1013 eorum

179 1035 261 1084 sortes
283 1029 409 1084 deliciunt
398 1035 450 1084 t.ur
486 1032 516 1085 ln
535 1030 650 1102 reliquas
675 1029 824 1100 provincias
844 1043 979 1120 praetores

178 1105 329 1170 mittuntur,
348 1121 433 1176 neque
445 1113 604 1176 exspectant,
625 1104 695 1191 quod
706 1105 889 1175 superioribus
900 1111 979 1164 annis
1022 1101 1023 1186 J

145 1231 150 1252 l
179 1178 314 1245 acciderat,
336 1179 414 1234 utile
432 1196 523 1234 eorum
542 1180 652 1252 imperio
671 1179 704 1234 ad
720 1178 852 1251 populum
868 1175 1023 1248 feratur,

178 1253 358 1327 paludatique,
378 1255 446 1310 votis
460 1256 628 1326 nuncupatis,
649 1262 754 1318 exeunt,
777 1252 861 1328 [quod
875 1265 937 1313 ante
952 1259 980 1313 id

178 1338 284 1416 tempus
294 1329 420 1384 nmiderat
430 1327 599 1405 numquam}
620 1328 747 1385 Consules
760 1345 794 1383 ex
811 1331 882 1386 urbe
896 1334 980 1404 profi-

179 1405 330 1470 niscantur,
336 1404 490 1478 lictoresque
503 1404 625 1460 habent
617 1422 644 1458 rn
659 1404 725 1458 urbe
738 1411 763 1458 et
777 1403 909 1474 Capitolio
923 1409 979 1478 pri·
1022 1399 1023 1456 f

179 1481 242 1546 vati,
258 1489 345 1536 contra
353 1497 443 1536 ornnra
453 1481 588 1535 vetustatis
602 1478 731 1549 exempla
752 1480 813 1532 Tota
826 1480 901 1536 ltalia
912 1483 980 1537 dile-
1022 1507 1023 1512 ¹

179 1564 238 1612 ctus
248 1557 387 1620 habentur,
399 1573 470 1611 erma
480 1556 650 1626 imperentur,
660 1554 808 1640 pecuniaea
820 1558 979 1629 municipiis

179 1634 331 1719 exiguntur,
346 1649 360 1686 e
373 1631 441 1685 lenis
450 1630 587 1697 tolluntur,
603 1628 791 1683 omniudivina
802 1629 978 1704 humanaque
1022 1679 1023 1690 ,

180 1706 237 1800 iura
251 1707 449 1776 permiscentur

237 1781 296 1845 Vll,
312 1780 415 1846 Quibus
428 1779 513 1835 rebus
533 1778 654 1854 cognitis,
675 1777 771 1834 Caesar
788 1779 861 1852 apud
877 1781 978 1837 milites

179 1855 354 1910 concionatur.
376 1856 495 1911 Omnium
504 1864 643 1922 temporum
653 1859 766 1908 iniurias
773 1858 942 1910 inimicorum
951 1863 979 1911 tn

179 1945 206 1982 se
215 1937 409 1992 commemorat,
417 1949 434 1984 a
445 1933 537 1999 quibus
545 1934 681 1983 deductum
689 1933 901 1996 acdepraontum
906 1933 978 1986 l’cm-

175 2006 264 2090 petum
275 2005 404 2072 queritur,
416 2009 516 2058 invidia
526 2013 604 2073 atque
613 2007 794 2058 obtrectatione
805 2007 895 2060 laudis
904 2023 974 2068 sune

180 2080 254 2128 cuites
267 2081 322 2143 ipse
335 2081 427 2131 honori
438 2087 462 2132 el
471 2083 594 2146 diprritnti
606 2082 806 2147 compescuerit
819 2083 977 2151 adiutorque

178 2155 267 2236 [uerit.
288 2151 409 2204 Novum
398 2169 426 2204 en
436 2155 567 2220 republica
577 2157 749 2207 introductum
758 2158 904 2220 eaeemplum
913 2173 977 2228 que-

180 2225 255 2289 ritur,
276 2233 305 2278 nt
325 2228 462 2280 tribunitia
478 2231 627 2280 intercessio
645 2233 727 2282 armis
744 2235 882 2282 notaretur
900 2241 976 2302 atque

180 2304 375 2370 opprimeretur,
387 2317 454 2369 quoe
463 2305 639 2367 superioribus
647 2319 725 2356 annis
733 2318 815 2356 armis
824 2313 892 2358 esset
900 2310 976 2360 restr-

181 2386 245 2432 tuln.
265 2375 375 2436 Sullam,
393 2379 492 2430 nudato
501 2378 616 2429 omnibns
629 2379 705 2430 rebels
716 2379 853 2431 tribunitio
861 2389 975 2446 potestn-

100 2452 105 2460 ‘
181 2460 212 2513 te,
225 2460 309 2505 tomen
320 2451 524 2504 intercessionem
535 2452 642 2502 liberam
651 2453 799 2518 reliquisse:
819 2452 973 2521 Pompeium,

180 2529 226 2592 qui
239 2529 339 2579 omissa
352 2529 494 2578 restituisse
503 2527 630 2586 uideatur,
651 2527 815 2586 nuncetiam,
835 2541 904 2594 quoe
919 2537 976 2583 onte

180 2600 307 2660 intumit,
317 2603 450 2654 ademisse.
473 2599 683 2666 Quotiescumque
692 2604 725 2651 stt
735 2603 872 2663 decretum,
884 2605 975 2657 dorent

179 2675 349 2738 mapistrutus
376 2691 492 2742 operum,
522 2689 554 2726 ne
575 2676 638 2742 qnid
660 2674 805 2740 respublica
828 2677 975 2730 detrimenti
