2044 2992
118 143 571 203 nnnnnnours'naurnnsr.
592 156 743 202 canna.
781 147 830 202 tta

95 257 155 312 Car.
171 259 193 314 Ι.
220 249 358 312 Pharnace
368 263 497 327 superato,
514 253 599 310 Africa
610 263 717 327 recepta,
735 253 782 324 qui
798 269 831 307 ex

33 334 71 388 iis
84 331 190 404 proeliis
204 348 264 386 oum
280 329 439 386 adolescente
453 330 503 386 Cn.
513 331 636 400 Pompeio
644 327 829 401 profugissent,

33 424 124 480 quum
134 415 159 461 et
168 404 298 462 ulterioris
308 405 447 476 Hispaniae
459 405 557 475 potitus
567 413 642 466 esset,
658 403 723 458 dum
738 402 832 457 Caesar

33 480 196 538 muneribus
205 479 299 546 dandis
310 480 338 534 in
348 479 421 534 ltalia
430 478 567 543 detinetur,
584 495 637 548 quo
647 477 749 534 facilius
757 493 833 548 praa-

32 557 106 613 sidia
115 561 204 608 oontra
212 554 524 625 compararetPompcius,
536 552 652 608 infidam
662 551 833 607 uniuscuius-

33 648 93 704 que
101 628 214 682 civitatis
223 629 361 700 confugere
369 629 460 699 eoepit.
480 629 517 682 Ita
527 626 760 698 partimpraoibus,
774 642 834 696 par·

34 709 88 760 tim
98 703 135 768 vi,
157 703 224 758 benc
236 706 331 776 magud
340 692 593 774 oempa‘rata'rnaina
610 688 773 772 brevitatem
787 715 833 752 va-

35 788 118 834 stare.
139 775 242 843 Quibus
256 777 285 832 in
299 777 377 832 rebus
396 777 537 832 nonnullae
550 776 667 831 civitates
679 793 728 831 sua
742 783 834 846 sponte

36 851 140 920 auribt
150 852 297 919 nattabintt
312 852 381 919 dtttt
388 847 630 922 spatullaelmb
644 856 732 912 ama
745 845 834 908 aaut

34 932 114 986 bant.
134 926 176 982 Ex
184 926 284 1000 quibus
293 926 315 980 si
325 942 378 998 qua
386 926 481 996 oppida
491 926 634 997 vicaperat,
642 943 726 998 quunr
736 924 833 996 aliquis

35 999 832 1072 exeaplvltterwttimtdelirullontpaienneritrsccitirtesset,

35 1083 144 1152 propter
162 1077 287 1146 pecuniae
305 1073 514 1146 magnitudinem
531 1073 618 1145 aliqua
636 1076 660 1128 ei
678 1073 835 1132 inserebatur

35 1167 143 1212 caussa,
155 1157 193 1212 ut,
208 1165 238 1202 eo
248 1147 499 1211 commembrata,
512 1161 550 1202 en
559 1149 742 1219 etantpeeunia
756 1147 834 1203 latro-

36 1241 108 1282 num
119 1221 221 1294 largitio
230 1221 311 1276 fieret.
331 1223 369 1294 Itq
376 1221 467 1294 paucis
479 1221 624 1291 commodis
637 1222 710 1278 hoste
723 1223 832 1286 hortata,

37 1298 155 1356 maiores
164 1295 326 1367 augebantur
339 1296 436 1367 copiae.
456 1293 497 1350 Ob
511 1295 560 1350 boc
573 1296 671 1352 orabria
690 1297 794 1352 nunciis
807 1297 836 1352 in

37 1371 144 1432 Italiam
155 1369 255 1439 naiasiq,
266 1369 382 1432 civitatee
391 1370 666 1441 eontrariaal'ompsio
676 1370 775 1428 auxilia
782 1371 836 1425 sibi

37 1445 252 1520 depostulatum.
284 1480 314 1492 ··
352 1478 430 1504 .t·¹‹
478 1476 544 1497 ἰν
588 1479 648 1496 ·›
711 1476 772 1498 .··
805 1475 817 1491 ··
892 1489 896 1496 ,

97 1523 140 1576 lle
152 1519 183 1576 C.
194 1519 288 1576 Caesar
297 1517 404 1572 duan
414 1519 459 1584 lll,
471 1517 676 1590 designatualt',
692 1517 785 1572 multis
794 1518 838 1572 iti·

39 1597 153 1655 neribus
161 1602 221 1648 ante
229 1591 360 1657 analectis,
377 1609 462 1664 qaam
470 1591 547 1648 celari
556 1591 723 1648 danmatione
735 1592 769 1647 ad
782 1591 838 1647 bel-

40 1672 101 1726 lum
112 1667 302 1722 conficiendum
314 1668 341 1724 in
351 1668 503 1739 Hispaniam
510 1667 633 1736 venisset,
650 1666 728 1742 legati
737 1665 838 1722 Cordu-

39 1745 148 1808 benseS,
160 1743 232 1816 quia
243 1741 290 1798 Cn.
301 1743 423 1816 Pompeio
433 1741 612 1810 discesserant,
620 1741 723 1801 Caesari
732 1741 838 1799 obviam

39 1819 167 1877 veniunt:
189 1815 317 1889 aquibus
331 1816 513 1882 nrraciabatur,
529 1826 654 1877 anatome
668 1826 779 1886 tempora
792 1834 839 1884 op-

35 1890 446 1968 piuancoruataneaptpmn,
470 1896 597 1962 quadrato
614 1895 777 1961 opinantibus
789 1895 839 1946 ad»

38 1971 492 2036 oereartaaraepravtaaaopouraa
500 1969 839 2037 arsat,aimolquatubellnrtt

41 2048 115 2113 capta·
124 2049 215 2105 assent,
235 2045 306 2110 quio
320 2039 365 2096 On.
378 2041 496 2109 Pompeio
508 2045 627 2110 dispoaitt
645 2045 760 2098 mattas
775 2043 839 2096 tocie

42 2125 134 2180 emerat,
146 2115 196 2186 'qno
207 2121 340 2180 certiorem
352 2115 398 2170 Ort.
408 2115 551 2184 Pompeiam
560 2119 590 2170 da
598 2117 718 2173 Caesam
727 2121 839 2172 adventu

43 2195 167 2262 facerent,
178 2188 261 2256 Multa¹
270 2198 401 2262 praeterea
408 2187 561 2247 verisimilia
570 2191 759 2264 proponebant.
773 2189 840 2257 Qui-

43 2265 98 2321 bus
108 2263 187 2318 rebus
196 2263 334 2331 adductus,
350 2281 417 2336 quos
427 2261 524 2338 legatos
534 2266 727 2324 anteoxercitni
740 2263 840 2336 praele-

44 2345 123 2402 cerat,
136 2335 168 2401 Q.
179 2336 288 2395 Pedium
298 2347 323 2396 et
336 2337 369 2405 0.
379 2337 494 2396 Fabium
508 2339 664 2405 Maximum,
684 2339 781 2394 denuo
793 2338 841 2392 ad-

45 2420 128 2470 ventu
137 2409 374 2479 iacitcertioresmt,
386 2429 466 2485 quam
476 2413 528 2469 sibi
536 2415 725 2486 equitatnmex
732 2411 840 2483 provin-

45 2489 86 2544 cia
105 2485 235 2546 iecissent,
256 2486 386 2556 praesidio
404 2488 544 2543 mitterent.
574 2487 615 2542 Ad
634 2501 701 2560 qnos
719 2484 838 2548 celerius,

46 2577 129 2635 quarn
139 2559 192 2632 ipsi
202 2557 300 2630 opinati
310 2567 380 2625 sunt,
392 2559 622 2634 adpropinquavit,
637 2578 732 2636 nequa,
745 2569 775 2618 ut
785 2560 841 2634 ipse

47 2635 140 2702 voluit,
152 2633 298 2708 equitatum
308 2633 360 2691 sibi
369 2637 499 2709 praesidio
506 2633 607 2694 hahuit.
