2072 2998
334 125 406 175 mn.
419 127 453 176 V.
482 129 561 177 CAP.
577 129 620 176 58.
824 129 869 186 424

64 223 194 292 militum
211 225 340 302 adpellat,
356 243 480 316 'quorum
497 229 631 304 egregiam
649 227 733 287 iniecta
748 232 874 292 vinnom

65 304 224 364 testimomc
242 303 379 361 Ciceronis
397 312 562 378 cognoverat.
604 305 641 358 De
658 320 722 360 caru
740 305 831 362 Sabini
849 315 875 364 ct

66 377 432 450 Cottaceartineexcaptivia
442 379 586 452 cognoscit.
605 378 711 434 Postero
719 379 763 434 die
772 382 874 436 ocncio-

63 475 101 514 ne
118 455 214 512 habita
232 471 291 510 rem
357 459 411 507 tam
425 454 556 525 proponit,
577 452 676 508 militae
687 451 838 510 consolatur
849 463 875 510 et

60 531 225 588 confirmat:
329 525 599 614 detrimentarrncalpa
608 535 634 582 et
643 529 787 584 temeritate
795 526 872 602 legati

58 611 300 754 iioiffito
307 601 770 733 mimmii
781 601 873 733 llll

61 753 176 827 expiato
196 749 375 815 incommodo,
395 767 482 824 neque
499 750 620 806 hostibus
638 751 742 808 diutina
760 751 871 819 laetatio,

62 844 160 902 neque
172 825 240 897 ipeie
250 823 356 898 longior
366 823 441 879 dolor
448 824 623 898 relinquatur.

121 901 196 957 Llll.
220 899 331 954 Interim
347 897 382 953 ad
393 899 542 955 labienum
554 901 710 971 perliemce
723 899 873 957 incredibili

59 973 365 1034 celeritatedevictorio
377 972 718 1046 Ceoeuieiamcpariertun
729 983 769 1043 ut,
784 993 872 1049 quum

59 1052 99 1110 ab
116 1049 243 1106 hibernia
261 1047 397 1105 Cioeaonie
414 1048 499 1104 millia
515 1065 646 1121 panum
658 1050 761 1106 abmeet
772 1051 873 1106 circiter

60 1125 127 1192 LX,
140 1140 229 1196 ecqua
237 1129 302 1196 post
311 1123 405 1178 mam
416 1139 514 1179 nonam
526 1123 582 1178 dici
592 1123 687 1180 Caesar
763 1125 870 1191 unisset,

61 1207 129 1260 anto
140 1196 673 1286 mediemncctcmadportceoutrcrum
751 1199 873 1255 crcrire-

61 1271 620 1406 ‘ri‘olfflili‘affiiffl
645 1272 873 1420 nimii?

61 1422 280 1487 Indutiomarus,
292 1420 342 1493 qui
351 1427 453 1492 poctmc
461 1421 711 1477 dieomnlabieni
718 1437 873 1496 oppugnare

61 1499 231 1562 decreverat,
241 1503 323 1551 noctu
332 1493 700 1568 pmtirgitcopieequcomnea
708 1494 738 1551 in
751 1495 873 1553 Treviros

60 1572 178 1630 reducit
199 1571 297 1627 Caeeor
314 1569 429 1624 Fabium
447 1586 510 1625 eum
528 1568 631 1643 legione
649 1569 677 1624 in
696 1585 747 1624 oua
765 1571 873 1626 remittit

60 1645 191 1711 hiberna,
202 1647 262 1717 ipae
270 1661 335 1700 cum
345 1644 431 1700 tribue
439 1643 589 1719 legionibus
600 1643 701 1700 circum
710 1641 873 1700 Samarobri-

62 1739 128 1778 vam
144 1721 224 1776 trinis
237 1719 361 1776 hibernie
379 1719 495 1776 hiuoare
506 1718 643 1778 constituit
660 1725 695 1784 et,
716 1717 790 1790 quod
807 1719 871 1774 tanti

64 1805 157 1854 motus
162 1794 268 1851 Gallice
276 1795 441 1858 extulerant,
446 1801 527 1848 totam
539 1793 721 1865 hiememipec
729 1791 763 1848 atl
772 1792 873 1848 exerei-

64 1879 125 1927 tum
138 1886 250 1926 manere
259 1867 385 1924 decrevit.
410 1869 483 1924 Nam
496 1868 542 1923 illo
555 1867 722 1923 incommodo
733 1867 768 1923 de
779 1867 871 1924 Sabini

65 1953 151 2002 morte
160 1943 275 2016 perlato,
285 1959 379 1998 omncs
389 1941 443 1998 iere
452 1942 554 1998 Galliae
561 1943 679 1999 civitatee
687 1942 721 1999 de
729 1941 799 1998 bello
808 1960 871 2000 con·

65 2018 213 2085 saltabant,
220 2017 336 2074 nuncios
346 2015 541 2091 legationesque
548 2017 577 2072 in
584 2033 677 2074 omnes
686 2017 872 2090 partcedimit-

65 2093 157 2150 tabant
165 2100 203 2154 et.
217 2091 286 2164 qnid
297 2089 394 2163 reliqui
403 2090 506 2146 consilii
514 2100 635 2164 caperent
646 2099 725 2165 atque
734 2093 806 2148 unde
818 2093 871 2148 iui-

65 2169 135 2225 tium
145 2165 213 2224 belli
224 2167 310 2227 lieret.
328 2163 500 2236 explorabant
513 2173 692 2240 nocturnaque
705 2167 733 2222 in
748 2166 811 2222 locis
824 2167 872 2222 dc·

65 2244 143 2300 certis
159 2239 275 2297 concilia
287 2237 429 2296 habebant.
448 2240 541 2312 Neque
553 2239 640 2296 ullum
654 2239 708 2296 lere
721 2241 801 2296 totius
813 2239 872 2294 hie-

66 2318 118 2372 mis
127 2324 239 2388 tempus
252 2311 497 2370 aineeollicitudine
507 2314 626 2370 Camerio
635 2312 789 2378 intercessit,
799 2309 870 2384 ‘quin

65 2391 187 2464 aliquem
199 2389 236 2446 de
249 2386 369 2442 conciliis
383 2405 413 2444 ac
424 2395 497 2444 motu
510 2387 647 2444 Gallorum
661 2387 790 2443 nuncium
804 2387 871 2441 acci-

65 2471 147 2536 peret
177 2465 211 2519 ln
229 2460 275 2517 hie
296 2460 330 2516 ab
343 2462 373 2516 L.
387 2461 481 2518 Roscio
494 2462 587 2536 legato,
608 2477 690 2534 quem
703 2459 799 2531 legioni
809 2459 872 2516 Xlll

66 2537 238 2610 praefecerat,
254 2535 499 2602 certioreetiactuo,
514 2553 626 2609 magnae
636 2532 773 2589 Gallorum
783 2533 871 2603 copias

67 2629 162 2670 earum
176 2610 329 2676 civitatum,
349 2626 419 2684 quae
430 2610 580 2668 Armoricae
592 2605 767 2680 adpellantur,
788 2623 872 2678 oppu-
