2072 2998
324 158 395 208 nus
413 158 434 204 1.
463 157 542 206 cnr.
555 156 595 210 ιι
619 171 622 178 ’
804 153 856 212 tto

55 271 112 317 tem
131 256 236 314 Utusm
256 257 370 312 novibus
387 257 551 312 Tuberonem
569 263 741 328 ponuntque
759 258 855 329 oppido
932 316 935 328 ,

55 333 193 421 prohibet,
217 347 304 403 neque
317 330 445 388 adiectuim
458 330 607 388 valetudine
624 330 709 386 filium
727 348 856 402 exponere

56 411 207 555 {semgar
228 406 338 477 potitum
367 403 414 462 sed
434 405 546 464 sublatis
567 405 668 462 moeris
686 406 808 464 excedere
825 423 856 462 eo

114 627 234 686 xxxo.
254 627 300 684 His
313 627 392 684 rebus
409 627 539 694 coniectis,
558 629 660 689 Cessas.
680 635 710 684 ut
722 627 855 700 reliquum

57 701 306 776 tempmsslahore
298 703 517 766 intermitteretur
524 703 637 758 milites
629 721 657 758 ιιι
666 703 785 774 proxime
795 720 856 758 mu·

58 775 288 851 nioipisdeduoit:
303 777 694 850 ipsesdurbemproiioisoitur.
712 778 856 834 Cosctose·

59 861 134 919 osto,
150 851 263 908 iniurius
272 851 439 908 inimicorum
452 860 646 918 commemoret,
657 852 738 915 docet.
755 869 782 908 se
794 855 856 908 nut-

60 932 113 984 tum
121 930 367 984 emtrccrdinorium
375 930 494 982 honorem
503 931 636 995 adpetisse,
651 931 696 984 sed
710 936 856 996 exspectato

60 995 176 1066 ieoitimo
185 1009 296 1070 ternpore
306 1004 461 1059 consutotus.
482 1019 512 1055 eo
524 1006 604 1070 [uisse
617 1011 768 1065 contentum,
787 1006 856 1070 quod

55 1079 178 1132 omnibus
189 1075 287 1130 civibus
293 1084 410 1143 pateret:-
425 1078 507 1130 tetum
515 1078 641 1130 obdecem
650 1079 855 1144 tribunoplebis,

60 1161 155 1222 contro
167 1151 309 1204 dicentibus
321 1154 442 1212 inimicis,
460 1147 554 1204 Getone
566 1167 626 1206 cero
638 1155 764 1206 ooerrime
777 1167 856 1218 repu-

57 1233 166 1298 pnente,
179 1227 530 1290 communiscomnunis,
545 1227 647 1278 ιιιιιιιιι
655 1242 729 1280 moro
738 1229 793 1280 dies
808 1243 856 1280 em-

59 1303 188 1362 trohrnte,
209 1305 238 1352 ut
251 1301 294 1352 sui
306 1302 377 1352 mtto
388 1299 499 1354 absentis
516 1301 660 1362 iuberetur,
680 1304 736 1367 ipso
754 1303 856 1354 consuto

57 1376 196 1442 Pompeio:
215 1375 261 1440 qui
268 1373 293 1425 si
301 1375 474 1440 improbasset,
487 1389 534 1426 our
542 1376 609 1440 terri
615 1389 707 1440 possus
715 1371 797 1427 esset?
815 1378 857 1430 sin

56 1451 204 1518 probomet,
220 1462 304 1500 curso
315 1450 356 1500 uti
363 1451 454 1515 populi
467 1448 585 1515 inuicto
597 1444 786 1514 prohibuisset?
806 1447 856 1500 Pc-

59 1527 181 1578 tientiam
187 1525 308 1588 proponit
316 1537 399 1586 sunm,
410 1537 488 1590 quum
496 1525 530 1576 de
537 1524 692 1576 exercitione
701 1524 857 1576 dimittendis

58 1601 132 1652 uitro
142 1597 336 1664 permiscitur
346 1600 375 1650 in
384 1613 434 1664 quo
444 1599 574 1650 iacturum
583 1598 717 1664 dionitotis
726 1603 802 1662 utque
810 1597 856 1650 ito-

59 1673 327 1738 norutpsetocturos
335 1679 406 1724 esset.
425 1669 855 1733 Acerbitatcminimicorumdocet,
915 1707 920 1714 -
987 1687 990 1694 ’

61 1748 121 1814 qni,
134 1745 335 1811 quodeiottero
341 1747 511 1812 postularent,
531 1748 560 1798 in
574 1761 602 1800 se
617 1751 766 1800 recusarent
779 1751 857 1812 utque

60 1821 310 1884 omniopnnnscert
318 1821 432 1881 mottent,
446 1824 668 1888 quomtmperium
680 1821 857 1886 coercitorque
945 1821 955 1839 ⁸

61 1896 202 1946 dimittere.
220 1891 348 1948 Iniurium
360 1899 389 1949 in
402 1897 541 1962 eripiendis
555 1896 695 1963 tepionibus
705 1896 856 1960 praedicet:

53 1967 93 2022 'ct
94 1969 243 2020 udetitotem
251 1971 465 2024 etimoieutiom
454 1985 484 2024 ιιι
496 1971 734 2024 circumscribendis
747 1969 858 2022 tribunis

59 2044 153 2110 piebis.
164 2045 346 2098 conditionesu
354 2059 382 2098 sc
393 2046 469 2106 ictus,
483 2053 507 2098 et
515 2048 630 2111 repetito
644 2045 772 2112 colloquio
781 2051 805 2096 et
814 2047 858 2096 cie-

62 2111 168 2184 necato,
192 2124 386 2172 commemorat
406 2117 456 2173 Poo
469 2121 561 2188 quibem
575 2121 650 2172 rebus
660 2126 858 2186 orutoopostu

63 2193 110 2254 iot,
130 2193 315 2257 commit-tecm
332 2197 476 2260 suscipiunt
488 2201 565 2261 etque
578 2209 632 2248 uno
644 2209 729 2252 secum
744 2196 858 2246 crimini·

62 2271 160 2318 urent:
179 2267 470 2334 siotimcrcdefuptont,
490 2269 661 2322 itiisseoneri
674 2283 725 2320 non
742 2271 859 2335 {uturum

64 2347 88 2392 et
93 2341 619 2406 perserempnottramccmmtnratmum.
636 2339 862 2405 LcoutmodPom·
908 2348 911 2354 '

63 2416 151 2480 poium
168 2415 201 2466 do
214 2414 394 2480 compositione
407 2414 474 2463 mitti
490 2419 620 2478 oportere:
644 2427 725 2479 neque
738 2428 766 2466 se
778 2417 863 2480 reior-

63 2491 177 2553 midcrc,
195 2482 290 2554 quod
277 2503 305 2538 m
317 2492 409 2537 scootu
420 2487 511 2550 potatio
521 2494 583 2538 onte
597 2485 729 2552 Pompeius
742 2490 860 2549 dioissct,

65 2565 99 2616 od
117 2577 182 2630 quos
202 2561 281 2627 tepoti
297 2563 470 2617 mitterentur.
494 2563 529 2612 iis
541 2563 722 2612 anctoritatem
735 2562 860 2623 adtribui,

66 2639 233 2702 timoremque
253 2649 352 2696 corum,
373 2636 418 2700 qui
436 2623 576 2697 mitterent,
597 2635 754 2701 ιιριιιβιαιιι
779 2638 861 2690 tettuis
