2078 2996
308 139 377 186 mn.
390 139 435 186 111.
464 139 544 186 cnr.
558 141 599 187 st.
672 200 678 220 Ι
801 137 850 192 343
930 111 937 122 ⁵

13 287 14 306 ,
54 246 197 314 coeperunt
207 246 351 312 cratesque,
371 256 419 311 pro
431 241 579 296 munitione
587 241 707 306 obientes,
728 243 851 314 propule-
932 232 933 244 ¹

13 317 16 398 ’ξ
55 323 129 388 runt.
147 323 178 370 ut
191 313 275 370 fossas
290 315 522 372 transscenderent.
542 314 620 385 Quod
632 332 718 388 quum
732 317 851 372 animad-

57 391 179 452 vertisset
197 389 309 455 Caesen,
321 389 430 454 veritus,
452 407 486 444 no
503 407 555 444 non
574 389 682 453 reducti,
704 390 750 445 sed
763 391 850 445 reiecti

13 515 16 534 ,
55 467 216 530 viderentur,
233 463 373 536 maiusque
384 464 570 520 detrimentum
579 472 722 536 caperetur,
740 465 851 520 emedio

13 591 16 624 l

13 535 16 550 ⁴
53 542 108 598 fere
118 540 204 612 patio
212 556 275 594 suos
284 555 330 611 per
339 538 493 604 Antonium,
513 540 598 612 quisi
615 538 710 614 legioni
723 548 848 610 praeerat,

13 667 15 676 .
55 617 215 679 cohortatus
232 613 413 687 tubasignum
427 613 484 668 dari
496 621 575 684 atque
584 615 612 668 in
625 614 712 668 hostes
722 615 851 685 impetum

13 693 16 764 ζ
55 691 114 746 sieri
126 688 215 744 iussit.
234 687 347 745 Milites!
382 688 449 744 ionis
459 705 542 744 nonae
551 683 639 743 subito
647 690 787 760 oonspirati
795 689 849 761 pila

13 769 15 838 ζ
56 765 223 820 coniecerunt
236 769 269 833 et,
290 781 323 818 ex
334 764 360 818 in
372 764 454 819 eriore
466 762 521 818 loeo
534 763 661 819 adversus
672 762 771 818 clivum
784 764 850 818 inei-

56 841 104 895 tati
113 855 204 904 cursu,
214 839 366 910 praecipites
375 837 546 910 Pompeianos
554 845 664 911 egerunt
673 845 698 893 et
706 845 778 912 terga
790 857 850 893 ver-

13 921 14 986 ζ
55 925 111 970 tere
122 921 274 986 coegerunt:
294 913 394 986 quibus
407 913 441 968 ad
455 913 634 985 recipiendum
648 920 730 968 crates
739 913 851 968 direotae

13 991 16 1000 '
56 989 226 1064 longuriique
238 989 331 1043 obiecti
345 997 370 1042 et
384 988 517 1042 institutae
529 987 614 1042 fossae
626 1005 724 1062 magno
737 988 851 1060 impedi-

55 1072 146 1120 mento
154 1063 269 1118 fuerunt.
298 1064 386 1117 Nostri
404 1079 475 1128 vero,
496 1063 543 1134 qui
559 1063 623 1118 satis
644 1062 776 1119 habebant
792 1065 850 1118 sine

56 1140 213 1195 detrimento
224 1137 365 1202 discedere,
376 1136 557 1207 eompluribus
567 1135 714 1203 interiectis,
730 1139 856 1211 quinque·

55 1215 166 1270 omnino
183 1229 293 1268 suorum
312 1211 430 1276 amissis,
457 1211 621 1282 quietissime
639 1228 667 1266 se
687 1221 847 1284 receperunt,

55 1288 198 1361 paulloque
211 1289 275 1342 eitra
284 1303 346 1340 eum
359 1284 446 1340 locum
460 1286 563 1352 morati,
583 1285 642 1340 aliis
655 1283 849 1360 comprehensis

56 1362 178 1426 oollibus
189 1361 350 1418 munitiones
358 1358 531 1432 perfoderunt.

111 1439 214 1493 XLVII.
233 1437 297 1492 Erat
306 1451 375 1490 nova
383 1442 409 1488 et
417 1433 540 1490 inusitata
554 1433 617 1489 belli
627 1434 700 1499 ratio,
716 1451 801 1506 quum
814 1443 851 1490 tot

55 1512 222 1568 castellorum
234 1525 354 1573 numero,
371 1515 496 1582 tantoque
505 1509 590 1580 spatio
601 1517 627 1563 et
635 1509 714 1562 tentis
726 1509 852 1562 munitio-

55 1588 138 1643 nibus
156 1594 182 1640 et
198 1583 413 1640 totoonsidionis
431 1601 539 1657 genere,
570 1590 628 1638 tum
645 1583 723 1638 etiam
742 1580 851 1653 reliquis

55 1663 147 1716 rebus.
172 1662 249 1725 Nam,
265 1658 428 1732 quicumque
436 1658 547 1714 alterum
556 1657 675 1712 obsidere
683 1658 768 1712 conati
778 1664 849 1723 sunt,
947 1667 951 1678 '

56 1732 191 1808 perculsos
204 1741 282 1806 atque
295 1733 417 1788 infirmos
424 1734 511 1789 hostes
522 1731 614 1797 adorti,
636 1739 681 1788 aut
691 1730 792 1804 proelio
805 1749 852 1786 su-

56 1817 169 1884 peratos,
188 1817 234 1863 aut
247 1807 337 1880 aliqua
351 1808 493 1864 offensione
507 1814 639 1882 permotos
653 1807 847 1873 continuerunt,

55 1903 142 1958 quum
155 1885 207 1956 ipsi
225 1899 336 1940 numero
354 1883 469 1938 militum
487 1883 661 1956 equitumque
674 1888 848 1955 praestarent:

56 1978 148 2016 neusse
168 1967 255 2015 autem
276 1957 422 2014 obsidionis
440 1958 504 2013 haee
521 1956 574 2012 iere
587 1973 645 2013 esse
659 1957 803 2022 oonsuevit,
820 1963 851 2011 ut

55 2035 186 2091 frumento
195 2036 282 2090 hostes
288 2033 486 2107 prohibeantur.
497 2035 638 2088 .At·oontra
648 2032 761 2107 integras
771 2039 850 2104 atquo

57 2110 200 2165 ineolumes
212 2110 299 2183 oopieu
310 2109 406 2166 Caesar
414 2106 535 2164 inferiore
543 2105 658 2163 militum
668 2125 779 2164 numero
787 2123 854 2162 con-.

57 2183 167 2252 tinebat;
188 2203 272 2256 quum
287 2184 328 2239 illi
339 2183 470 2248 omnium¹
479 2199 568 2238 rerum
582 2183 656 2256 copia
670 2182 847 2238 abundarent:

58 2257 173 2330 quotidie
181 2259 252 2332 enim
261 2277 376 2333 magnus
388 2258 509 2330 undique
522 2257 632 2312 navium
645 2274 774 2314 numerus
787 2273 850 2310 oon-

57 2331 187 2396 veniebat,
204 2334 659 2404 quoeeommoatumsupportarent3
680 2347 766 2404 neque
775 2328 850 2384 ullus

57 2407 120 2463 llere
137 2411 232 2462 ventus
248 2415 358 2476 poterat.
379 2408 446 2480 quin
459 2405 549 2479 eliqua
564 2424 598 2462 ex
615 2414 689 2479 parte
702 2403 849 2460 seeundum

57 2497 164 2538 cursum
186 2480 320 2536 baberent.
352 2483 410 2553 lpse
431 2490 528 2547 autem,
554 2481 700 2536 consumtis
724 2477 849 2534 omnibus
889 2543 890 2546 Ἰ

59 2557 133 2632 longe
146 2556 249 2628 lateque
257 2553 404 2622 frumentis,
416 2556 530 2612 summis
539 2556 630 2620 eratin
641 2553 784 2628 angustiis:
803 2550 849 2606 sed

58 2640 142 2688 tamen
152 2631 216 2688 haec
226 2629 355 2706 singulari
364 2632 487 2704 patientia
501 2629 598 2686 milites
612 2628 745 2684 ferebant„
755 2628 850 2682 lloeor-
