2072 2998
290 159 361 204 nna
375 157 418 206 ιι.
447 160 529 206 cnr.
544 159 587 206 aa.
604 142 646 207 ιε’.
835 158 863 210 94

68 263 165 323 naeus,
186 256 280 330 paullo
288 264 350 329 post
359 257 475 313 mediam
486 265 589 314 noctem
599 275 680 315 naves
692 257 779 325 solvit,
799 277 868 332 quae

67 349 155 387 omnes
164 332 316 386 incolumes
331 332 365 387 ad
378 333 553 388 continentem
567 340 757 405 pervenerunt;
778 333 825 388 sed
834 352 868 390 ex

66 407 106 460 bis
115 406 252 461 onerariae
260 407 331 461 duaa
339 406 454 472 ecsdenn
467 425 534 479 quos
544 406 669 480 reliquae,
680 414 772 479 portus
779 424 869 480 capere

64 498 115 537 non
125 489 273 552 potuerunt
282 487 308 534 et
317 479 408 552 paullo
417 479 484 536 inira
493 481 593 537 delatae
601 488 675 537 sunt.

116 554 260 611 XXXVII.
281 554 388 620 Quibus
396 571 431 609 ex
440 555 556 611 navibus
563 573 649 628 quum
659 562 747 611 essent
756 556 868 627 expositi

62 629 162 684 milites
172 630 276 684 circiter
286 628 361 693 CCC,
382 636 461 700 atque
469 630 497 684 in
507 638 589 685 castra
598 629 791 695 contenderent,
812 630 870 685 Mo·

62 704 126 770 rini,
147 699 218 776 duos
228 704 336 767 Caesar,
355 703 384 757 in
393 703 554 760 Britanniam
564 705 741 776 proficiscens,
764 711 869 776 pacatos

62 777 216 850 reliquerat,
238 795 287 849 spe
296 776 409 848 praedae
418 777 533 843 adducti,
554 779 641 850 primo
656 796 708 835 non
723 780 759 834 ita
771 795 870 852 magno

61 869 176 908 suorum
197 867 312 906 numero
331 851 559 909 circumsteterunt
577 869 615 920 ac,
639 854 662 908 si
681 871 740 910 sese
757 853 868 910 interfici

61 927 174 985 nollent.
197 943 271 980 arma
285 941 384 998 ponere
397 927 538 981 iusserunt.
559 927 649 994 Quum
668 927 707 982 illi
725 929 788 984 orbe
801 927 869 984 lactc

61 1018 122 1056 sese
131 999 314 1066 defenderent,
337 999 453 1056 celeriter
470 1001 503 1056 ad
512 1001 653 1058 clamorem
666 1001 807 1060 hominum
816 1003 868 1058 cir-

60 1076 127 1132 citor
136 1073 269 1132 milliaVl
288 1082 478 1132 convenerunt.
499 1075 557 1142 Qua
578 1094 607 1132 re
625 1078 758 1142 nunciata,
774 1077 869 1134 Caesar

61 1166 173 1206 omnem
188 1165 222 1204 ax
236 1149 333 1204 eastris
345 1149 493 1220 equitatum
509 1151 567 1205 suis
578 1151 679 1206 auxilio
692 1152 776 1206 misit.
798 1153 870 1206 Inte·

63 1225 118 1278 ri'm
129 1224 211 1279 nostri
221 1223 322 1279 milites
332 1223 460 1295 impeturn
471 1224 589 1280 hostium
598 1226 782 1282 sustinuerunt
789 1233 869 1297 atque

65 1297 183 1371 amplius
191 1299 267 1354 horis
277 1304 393 1372 quatuor
403 1297 546 1356 fortissime
554 1307 741 1374 pugnaverunt
750 1307 784 1366 et,
801 1317 869 1372 pau·

65 1373 106 1428 cis
124 1372 281 1430 vulneribus
299 1372 420 1445 acceptis,
440 1373 589 1448 complures
604 1392 639 1432 ex
656 1374 690 1430 iis
707 1375 867 1430 occiderunt.

66 1449 158 1504 Postea
174 1465 236 1504 vero
248 1465 333 1522 quam
349 1448 482 1519 equitatus
497 1455 585 1504 noster
599 1448 627 1504 in
643 1456 813 1520 conspectum
822 1465 871 1504 vc·

64 1523 114 1590 nit,
135 1523 224 1579 hostes
238 1521 349 1579 abiectis
362 1523 444 1578 armis
457 1531 530 1598 targa
548 1529 683 1578 verterunt
701 1539 870 1596 magnusque

63 1615 158 1654 eorum
168 1613 301 1654 naimarus
309 1603 350 1651 est
358 1597 470 1655 occisus.

119 1673 274 1728 XXXVIII.
295 1671 392 1727 Caesar
404 1680 508 1746 postero
525 1670 570 1726 die
586 1670 617 1726 Τ.
632 1669 779 1726 Labienum
799 1668 870 1742 lega-

65 1757 121 1804 tum
135 1765 199 1803 cunr
215 1747 250 1802 iis
260 1746 421 1820 legionibus,
443 1765 510 1822 quas
526 1763 560 1802 ex
571 1746 705 1802 Britannia
719 1744 866 1810 reduxerat,

65 1825 91 1878 in
102 1823 232 1887 lllorinca,
244 1821 293 1894 qui
304 1820 474 1878 rebellionem
483 1821 606 1889 lacerant,
617 1821 700 1878 misit.
721 1819 772 1888 Qui
783 1837 867 1892 quum

63 1907 171 1972 propter
180 1897 313 1954 siccitates
323 1894 462 1966 paludum,
478 1913 533 1968 quo
543 1913 573 1952 se
584 1896 736 1967 reciperent,
757 1912 811 1952 non
821 1895 869 1950 ha-

63 1973 165 2038 berent,
177 1988 235 2044 quo
244 1969 368 2044 perfugio
380 1971 514 2042 superiore
521 1987 592 2026 anno
600 1969 703 2027 lucrant
713 1971 765 2036 usi,
775 1987 868 2026 omnes

63 2047 116 2102 lere
128 2047 158 2102 in
173 2053 332 2119 potestatem
342 2043 451 2100 Labieni
465 2053 604 2102 venemnt.
624 2047 659 2100 At
672 2045 704 2113 Q.
716 2045 834 2101 Titurius
844 2053 869 2100 ot

64 2123 93 2178 L.
103 2122 189 2187 Cotta,
202 2120 294 2194 legati,
311 2117 399 2190 quiin
408 2119 590 2192 Menapiorum
604 2119 670 2176 fines
684 2119 800 2194 legiones
818 2119 869 2175 du-

63 2205 167 2261 xerant,
179 2195 311 2252 omnibus
320 2210 412 2252 eorum
421 2195 493 2267 agris
506 2195 624 2260 rostatis,
636 2193 775 2252 frumentis
783 2193 870 2250 suoci-

63 2271 111 2338 sis,
122 2271 255 2328 aediliciis
267 2267 394 2332 incensis,
415 2267 489 2340 quod
496 2269 611 2340 Menapii
623 2287 653 2326 se
661 2287 755 2326 omnes
762 2268 792 2324 in
804 2265 870 2322 den·

63 2346 187 2404 sissima
195 2343 283 2402 silvas
294 2341 459 2409 abdiderant,
470 2360 500 2398 se
512 2342 546 2400 ad
556 2343 694 2400 Caesarem
706 2349 869 2412 receperunt.

63 2421 160 2478 Caesar
174 2420 203 2476 in
214 2417 308 2491 Belgis
317 2416 439 2474 omnium
453 2417 589 2490 legionum
602 2418 713 2475 hiberno
724 2413 869 2498 constituit.

63 2494 101 2551 Ec
120 2494 190 2552 duae
208 2493 323 2550 omuino
340 2490 457 2548 civiates
474 2509 510 2548 ex
521 2492 657 2548 britannia
671 2489 777 2546 obsides
790 2503 872 2542 mue-

65 2577 136 2634 runt,
154 2567 278 2640 reliquae
287 2562 471 2636 neglexerunt.
491 2565 540 2622 llis
548 2566 628 2621 rehu
636 2564 727 2636 gestis,
745 2560 872 2616 exliteris

66 2643 186 2702 Caesaris
197 2642 307 2700 dierum
316 2639 372 2697 XX
380 2639 539 2714 supplicatio
548 2658 562 2696 a
572 2645 665 2695 senatu
674 2636 775 2694 deusta
787 2641 833 2690 est.

376 2739 575 2766 *-
