2078 2996
194 141 244 195 342
422 144 473 190 DF.
495 145 620 192 BELLO
641 146 762 194 CIVILI

194 255 375 320 atquecmues
389 242 442 300 iere
457 243 554 300 milites
567 253 613 300 aut
625 263 660 301 ex
673 246 782 312 coactis,
802 253 852 302 aut
869 265 911 306 ex
921 259 1003 306 cente
1019 245 1020 300 l

193 323 290 388 nibus,
312 329 358 376 aut
374 338 408 376 ex
425 319 503 376 coriis
523 320 627 376 tunicas
646 329 693 376 eut
710 322 856 395 tegimenta
877 320 1020 381 fecerant}

193 399 295 471 quibus
303 396 354 452 tela
363 396 485 452 vitarent.
631 404 634 416 “
653 431 657 438 ·
1019 395 1020 466 l

249 473 332 530 XLV.
351 472 383 528 Iu
397 469 557 544 occupandis
569 470 709 543 praesidiis
727 489 826 546 magna
840 472 871 528 vi
894 483 1002 549 uterque

193 549 336 615 nitebatur,
356 547 460 612 Ceesm,
481 552 611 618 utquam
632 547 822 622 angustissime
841 549 1001 624 Pompeium

193 625 351 692 contiueret3
372 622 524 695 Pompeius,
544 629 666 695 utquam
680 621 810 695 plurimos
824 623 916 680 colles
927 645 1001 700 quun

192 698 592 770 maximocircuituoccuporet:
613 697 869 770 crebraquecbeam
878 717 1001 758 caussam

191 774 292 848 proelia
301 773 408 828 fiebant.
428 774 459 827 In
469 772 513 828 his
526 789 612 845 quum
627 771 696 848 legio
711 773 831 830 Caesaris
843 793 924 833 nona
933 796 1001 851 prae-

192 849 294 905 sidium
315 847 450 920 quoddam
472 848 653 920 occupavisset
674 856 700 904 et
723 848 831 904 munire
855 857 1001 925 coepisset:

110 977 113 986 ,
191 924 257 980 huic
272 922 327 977 loco
339 921 522 994 propinquum
536 931 562 978 et
574 924 735 979 contrarium
744 922 840 979 collem
854 926 1002 1002 Pompeius

189 998 330 1069 occupavit
339 1006 495 1069 nostrosque
505 1015 582 1070 opere
591 999 730 1071 prohibere
739 1000 837 1070 coepit:
860 1009 899 1068 et,
920 1022 1001 1077 quum

190 1090 247 1128 true
260 1089 294 1128 ex
310 1080 383 1144 parte
397 1089 479 1145 prope
492 1091 609 1146 aequum
622 1074 724 1134 editum
738 1074 857 1142 haberet,
879 1080 1000 1149 primum

188 1147 334 1222 sagittariis
352 1146 585 1222 funditoribusque
608 1149 795 1216 circumiectis,
820 1160 919 1223 posteo
940 1154 1001 1210 levis

191 1230 340 1280 armaturae
350 1241 448 1298 magna
458 1223 627 1280 multitudine
635 1225 936 1302 missetormentisqw
945 1248 1000 1303 pre

189 1297 262 1365 latis,
274 1299 436 1356 munitiones
448 1299 622 1372 impediebat:
642 1316 729 1373 neque
738 1299 880 1358 eratlecile
889 1306 997 1369 nostris,

189 1391 246 1431 unc
254 1382 372 1450 tempore
380 1393 548 1450 propugnare
556 1383 581 1431 et
588 1376 703 1432 munire.
720 1376 828 1442 Caesar,
836 1394 932 1449 quum
939 1399 998 1436 suos

190 1451 359 1508 exomnibus
369 1451 489 1523 pertibus
498 1450 632 1507 vulnerari
643 1451 752 1517 videret,
769 1452 888 1524 recipere
903 1473 936 1511 se
946 1458 998 1511 ius

190 1527 227 1583 sit
244 1537 270 1586 et
287 1525 343 1584 loco
358 1527 492 1582 excedere.
522 1527 585 1581 Erat
602 1543 650 1599 per
663 1525 769 1582 ¹declive
791 1536 932 1600 receptus:
962 1531 996 1586 illi

191 1611 281 1658 autom
290 1602 341 1658 hoo
350 1603 437 1658 acrius
447 1601 594 1666 instabant,
611 1617 698 1674 neque
711 1601 815 1676 regredi
830 1612 940 1660 nostros
953 1624 996 1678 pe-

190 1678 333 1744 llebantur,
345 1677 418 1750 quod
427 1677 520 1732 umore
533 1675 638 1732 adducti
655 1675 742 1734 locum
756 1676 909 1750 relinquere
923 1682 996 1737 vide·

188 1752 299 1808 bantur.
328 1752 429 1808 Dicitur
441 1765 472 1807 eo
484 1759 601 1824 tempore
617 1751 820 1826 gloriansapud
837 1771 903 1810 suos
918 1757 995 1812 Pem-

188 1829 267 1900 peius
276 1827 387 1892 dixisse,
403 1845 455 1884 con
468 1845 591 1884 recusare
604 1846 641 1894 se,
657 1833 721 1899 quic
730 1830 904 1885 nulliusceus
913 1836 994 1900 impe—

189 1913 267 1957 rator
275 1907 480 1968 existimaretur,
494 1908 519 1958 ei
527 1907 583 1959 sice
592 1907 708 1959 maxime
717 1907 872 1958 detrimento
884 1908 995 1976 legiones

192 1975 314 2031 Caesaris
332 1994 386 2034 sese
403 1983 559 2048 recepissent
575 1981 643 2044 tude,
664 1995 715 2049 quo
729 1987 821 2034 temere
835 1990 920 2050 essetpt
929 1999 994 2051 pro-

188 2067 300 2120 pressae.

244 2124 344 2179 XLVI..
360 2124 463 2190 Caesar,
483 2126 598 2198 receptui
612 2145 722 2184 suorum
734 2127 842 2193 timens,
862 2137 947 2185 crates
960 2130 992 2185 ad

190 2207 340 2255 extremum
349 2199 485 2256 tumulum
494 2209 584 2256 contra
593 2201 696 2258 hostem
706 2202 816 2274 proferri
828 2210 855 2258 et
867 2204 992 2262 adversas
1019 2253 1020 2262 ,

188 2275 283 2332 locari:
304 2275 372 2331 intre
383 2275 432 2330 hes
441 2275 566 2331 mediocri
576 2275 714 2334 latitudine
726 2277 834 2346 lessam,
857 2280 931 2335 tectis
941 2281 992 2336 mi-

188 2351 293 2416 litibus,
313 2349 411 2406 obduci
421 2351 499 2406 iussit
512 2349 654 2424 locumque
670 2353 699 2408 in
710 2370 802 2410 omnes
812 2362 900 2424 partes
909 2371 990 2428 quem

188 2427 308 2484 maxime
316 2425 453 2499 impediri:
475 2426 644 2498 ipseidcneis
658 2427 722 2482 loeis
736 2427 883 2484 ltrnditcres
892 2431 991 2486 instru-

188 2502 238 2566 xit,
259 2511 289 2556 ut
305 2501 437 2574 praesidio
454 2501 551 2557 uostris
567 2519 598 2556 se
616 2503 802 2574 recipientibus
822 2513 920 2560 mont.
943 2505 990 2560 liis

188 2576 269 2631 rebus
279 2577 425 2648 completis,
441 2577 556 2650 legiones
567 2575 656 2631 reduci
671 2577 758 2632 iussit.
778 2579 931 2649 Pompeiani
940 2580 989 2636 boc

188 2648 345 2708 insolentius
359 2661 439 2726 etque
452 2652 578 2708 audacius
592 2659 694 2708 nocuos
712 2669 831 2725 premere
848 2659 875 2708 et
892 2654 988 2712 instare
