2044 2992
208 131 258 184 500
506 131 556 178 DE
574 133 702 178 BELLO

175 245 179 252 ·
206 233 324 306 partium
345 237 445 295 assant,
471 231 630 296 oonsorvati,
656 231 755 286 missos
777 230 864 288 lanera
882 231 1001 292 loricatos,

143 329 146 336 ·
207 309 310 381 quiquo
322 304 446 378 praesidii
463 321 557 362 caussa
573 307 714 378 praepositi
735 307 836 377 oppido
855 327 871 362 a
892 309 1001 378 Pompeio

207 389 303 448 essent,
315 381 434 436 orabant.
463 377 567 445 ouibus
578 379 714 450 respondit
724 381 833 446 Caesar,
851 401 880 437 sa
890 388 1001 438 conditio

207 475 253 514 neo
274 459 347 519 doro,
370 471 423 518 noo
443 457 569 522 racipere,
593 459 765 509 columniam.
799 455 855 522 Qui
878 475 965 529 quum
985 458 1001 508 in

208 529 338 603 oppidum
347 528 522 590 revertissent,
533 527 613 582 relato
623 545 759 598 responso,
771 528 892 586 clamore
902 532 1001 592 sublato,

207 606 282 662 omni
291 620 386 677 genero
399 601 512 658 talorum
526 601 632 666 omisso,
654 619 776 676 pugnam
796 621 847 676 pro
868 624 948 661 muro
965 616 1001 658 tou

207 685 361 749 cooperunt:
382 675 572 748 propterquod
589 675 642 730 fora
661 694 758 748 magna
776 695 842 748 pars
862 680 999 738 hominum

208 754 295 825 quiin
306 752 397 807 castris
408 751 609 816 nostrisessent
622 767 675 806 non
689 751 863 818 dubitarunt,
879 757 949 828 quin
958 773 1000 810 eru

207 829 325 900 puonom
339 842 369 880 oo
383 825 426 880 die
440 834 527 880 ossont
540 824 642 880 facturi.
670 826 709 878 lta
725 841 824 882 oorona
840 830 998 886 cimumdatr.

207 905 357 974 pugnatum
371 905 410 952 ost
428 898 595 970 aliquamdiu
610 899 859 968 vehementissimo,
882 905 997 974 sinuque

207 975 302 1030 balista
312 973 525 1039 missaanostris
535 981 634 1028 turrem
649 972 754 1028 deiecit:
776 992 833 1046 qua
851 978 997 1036 adversario

207 1065 278 1113 rum,
300 1047 348 1119 qui
363 1047 390 1102 in
401 1063 431 1102 en
445 1054 518 1102 turre
531 1046 642 1114 fuorunt,
664 1047 786 1119 quinquo
803 1049 905 1109 deiecti
919 1059 997 1110 sunta

207 1141 283 1194 puer,
296 1122 345 1194 qui
355 1120 479 1178 balistam
488 1121 582 1176 solitus
592 1130 646 1178 arat
658 1123 812 1178 observare.

263 1193 336 1252 XIV.
350 1196 389 1252 Eo
399 1196 535 1266 praeterito
543 1204 667 1268 temporo,
674 1197 820 1268 Pompeius
830 1206 911 1258 trans
919 1201 995 1258 flumen

207 1269 313 1328 Salsum
327 1270 464 1326 castollum
477 1271 625 1329 constituit:
647 1288 733 1342 nequo
747 1289 763 1326 a
778 1277 885 1331 nostris
899 1275 997 1350 prohibi

206 1355 261 1411 tus,
273 1345 401 1418 *salsaque
410 1345 455 1400 illa
464 1345 588 1417 opinione
598 1345 725 1418 gloriatus
733 1353 782 1411 ast,
803 1351 885 1420 quod
899 1349 996 1424 propriu

208 1421 304 1477 nostris
321 1420 440 1493 partibus
456 1419 543 1474 looum
558 1420 692 1474 tonuisset.
721 1421 788 1476 Itum
802 1423 996 1499 insequentidie

207 1497 299 1552 eadam
309 1493 498 1551 oonsuoturline
506 1494 572 1549 dum
583 1494 689 1568 longius
698 1498 887 1567 prosequitur,
897 1519 952 1574 quo
960 1501 996 1554 lou

126 1603 128 1606 ·
208 1572 310 1642 aquius
333 1569 415 1626 nostri
435 1569 573 1624 stationem
597 1568 758 1634 habuerant,
782 1571 896 1645 aliquot
916 1585 996 1632 turmae

22 1688 26 1696 .
127 1701 137 1720 .
207 1644 332 1700 cumlavi
343 1649 484 1705 armatura.
508 1643 609 1714 impetu
619 1641 694 1708 lucto,
712 1643 770 1698 looo
781 1654 850 1702 sunt
868 1649 1000 1706 deiectam

207 1713 313 1792 propter
322 1717 478 1789 paucitatem
487 1723 637 1772 nostrorum
647 1719 768 1789 oquitum
783 1720 874 1778 simul
889 1742 952 1780 oum
963 1721 996 1778 lei

208 1800 341 1849 armatura
350 1793 417 1846 inter
429 1799 529 1846 turmas
538 1791 748 1847 adversariorum
759 1796 902 1862 protritae.
923 1801 971 1854 llno
980 1795 999 1848 iu

207 1875 349 1940 oonspoetu
359 1873 533 1938 utrorumque
542 1873 687 1920 castrorum
696 1867 859 1940 gerebatur:
882 1873 996 1928 atmaiou

207 1941 360 2013 Pompeiani
379 1940 547 1996 exsultabant
564 1939 659 2012 gloria,
679 1940 787 2014 longius.
806 1945 896 2015 quod,
920 1945 994 2004 nostri

207 2015 371 2079 sedentibus,
384 2015 508 2086 prosequi
517 2015 672 2086 ooopissont.
692 2014 744 2081 Qui
753 2031 844 2087 quum
856 2020 951 2094 aliquo
959 2021 995 2076 loa

146 2099 149 2107 ⁴
207 2107 221 2144 a
234 2089 331 2144 nostris
342 2089 437 2159 recepti
446 2095 580 2154 ossant,ut
588 2097 811 2152 oonsuossanm
821 2092 911 2152 simili
920 2098 994 2152 virtut

205 2162 320 2220 clamore
328 2161 403 2228 lanto,
415 2163 528 2218 aversati
535 2171 599 2218 sunt
607 2163 734 2234 proelium
746 2162 839 2220 lanera.

262 2237 323 2294 XV.
342 2237 363 2292 F
365 2253 408 2292 ero
419 2237 490 2308 apud
500 2237 629 2292 merolus
643 2238 706 2293 haoo
718 2245 758 2292 eat
770 2244 909 2310 equestris
923 2239 993 2315 proeli

207 2311 382 2369 oonsuetudo:
410 2327 496 2382 quum
518 2329 601 2383 eques
622 2312 657 2367 ad
676 2312 879 2381 dimicandum,
902 2318 993 2374 dimisso

109 2427 113 2436 .
207 2384 992 2460 equo,.oumpoditocongrediturmequaquamparhabeur.

206 2460 237 2513 ld
251 2460 324 2532 quod
338 2462 366 2514 in
380 2459 431 2512 hoo
444 2458 536 2512 accidit
551 2460 703 2514 oertumino.
731 2459 824 2526 Quum
846 2465 956 2534 peditus,
972 2477 992 2520 α

207 2531 260 2586 levi
269 2540 402 2586 armatura
413 2532 480 2596 loeti,
501 2531 536 2586 ad
544 2549 673 2606 pugnam,
695 2533 833 2605 equitibus
848 2540 946 2594 uostris
961 2533 995 2597 nol

205 2605 387 2672 opinantibus,
400 2604 541 2669 venissent,
553 2605 634 2676 idquo
643 2605 671 2660 in
680 2605 781 2678 proelio
789 2610 994 2674 animadversio
