<?xml version="1.0" encoding="UTF-8"?>
<!DOCTYPE html PUBLIC "-//W3C//DTD XHTML 1.0 Transitional//EN"
    "http://www.w3.org/TR/xhtml1/DTD/xhtml1-transitional.dtd">
<html xmlns="http://www.w3.org/1999/xhtml" xml:lang="en" lang="en">
 <head>
  <title>
</title>
<meta http-equiv="Content-Type" content="text/html;charset=utf-8" />
  <meta name='ocr-system' content='tesseract 3.04.00' />
  <meta name='ocr-capabilities' content='ocr_page ocr_carea ocr_par ocr_line ocrx_word'/>
</head>
<body>
  <div class='ocr_page' id='page_1' title='image "./ciuliicaesarisc04caesgoog_0213.png"; bbox 0 0 2072 2998; ppageno 0'>
   <div class='ocr_carea' id='block_1_1' title="bbox 171 135 765 189">
    <p class='ocr_par' dir='ltr' id='par_1_1' title="bbox 171 135 765 189">
     <span class='ocr_line' id='line_1_1' title="bbox 171 135 765 189; baseline -0.008 -2"><span class='ocrx_word' id='word_1_1' title='bbox 171 135 221 189; x_wconf 72' lang='grc' dir='ltr'><strong>ΞΝ)</strong></span> <span class='ocrx_word' id='word_1_2' title='bbox 372 138 422 184; x_wconf 87' lang='lat' dir='ltr'><strong>DE</strong></span> <span class='ocrx_word' id='word_1_3' title='bbox 445 137 571 183; x_wconf 84' lang='lat' dir='ltr'>BELLO</span> <span class='ocrx_word' id='word_1_4' title='bbox 597 137 765 183; x_wconf 78' lang='lat' dir='ltr'><strong>GALLICO</strong></span> 
     </span>
    </p>
   </div>
   <div class='ocr_carea' id='block_1_2' title="bbox 146 235 1025 2698">
    <p class='ocr_par' dir='ltr' id='par_1_2' title="bbox 146 235 980 1418">
     <span class='ocr_line' id='line_1_2' title="bbox 171 235 975 378; baseline -0.001 -10"><span class='ocrx_word' id='word_1_5' title='bbox 171 235 975 378; x_wconf 57' lang='lat' dir='ltr'><strong>fflinffliiiffitriiliffii‘uibiff&#39;ibit</strong></span> 
     </span>
     <span class='ocr_line' id='line_1_3' title="bbox 172 384 975 460; baseline -0.002 -16"><span class='ocrx_word' id='word_1_6' title='bbox 172 389 333 452; x_wconf 86' lang='lat' dir='ltr'><strong>intermissa,</strong></span> <span class='ocrx_word' id='word_1_7' title='bbox 354 386 440 460; x_wconf 83' lang='lat' dir='ltr'><strong>magis</strong></span> <span class='ocrx_word' id='word_1_8' title='bbox 454 385 482 440; x_wconf 93' lang='lat' dir='ltr'><strong>in</strong></span> <span class='ocrx_word' id='word_1_9' title='bbox 492 384 661 440; x_wconf 77' lang='lat' dir='ltr'><strong>altitudinem</strong></span> <span class='ocrx_word' id='word_1_10' title='bbox 674 385 807 455; x_wconf 82' lang='lat' dir='ltr'><strong>depressa,</strong></span> <span class='ocrx_word' id='word_1_11' title='bbox 828 402 915 457; x_wconf 85' lang='lat' dir='ltr'><strong>quam</strong></span> <span class='ocrx_word' id='word_1_12' title='bbox 926 387 975 442; x_wconf 86' lang='lat' dir='ltr'><strong>late</strong></span> 
     </span>
     <span class='ocr_line' id='line_1_4' title="bbox 172 458 974 537; baseline -0.004 -18"><span class='ocrx_word' id='word_1_13' title='bbox 172 471 285 537; x_wconf 81' lang='lat' dir='ltr'><strong>patente,</strong></span> <span class='ocrx_word' id='word_1_14' title='bbox 306 470 390 517; x_wconf 86' lang='lat' dir='ltr'><strong>eastra</strong></span> <span class='ocrx_word' id='word_1_15' title='bbox 406 460 498 515; x_wconf 83' lang='lat' dir='ltr'><strong>rustris</strong></span> <span class='ocrx_word' id='word_1_16' title='bbox 512 459 629 514; x_wconf 85' lang='lat' dir='ltr'><strong>hostium</strong></span> <span class='ocrx_word' id='word_1_17' title='bbox 645 458 753 514; x_wconf 85' lang='lat' dir='ltr'><strong>coniert.</strong></span> <span class='ocrx_word' id='word_1_18' title='bbox 779 461 848 514; x_wconf 89' lang='lat' dir='ltr'><strong>llaec</strong></span> <span class='ocrx_word' id='word_1_19' title='bbox 862 461 974 532; x_wconf 84' lang='lat' dir='ltr'><strong>imperet</strong></span> 
     </span>
     <span class='ocr_line' id='line_1_5' title="bbox 146 532 970 611; baseline -0.005 -16"><span class='ocrx_word' id='word_1_20' title='bbox 146 583 152 588; x_wconf 89' lang='lat'>.</span> <span class='ocrx_word' id='word_1_21' title='bbox 172 537 351 611; x_wconf 80' lang='lat' dir='ltr'><strong>vellopcdum</strong></span> <span class='ocrx_word' id='word_1_22' title='bbox 360 535 410 590; x_wconf 88' lang='lat' dir='ltr'><strong>Xll</strong></span> <span class='ocrx_word' id='word_1_23' title='bbox 420 534 528 598; x_wconf 85' lang='lat' dir='ltr'><strong>muniri,</strong></span> <span class='ocrx_word' id='word_1_24' title='bbox 548 534 705 605; x_wconf 75' lang='lat' dir='ltr'><strong>coronisque</strong></span> <span class='ocrx_word' id='word_1_25' title='bbox 715 532 853 589; x_wconf 83' lang='lat' dir='ltr'><strong>loriculam</strong></span> <span class='ocrx_word' id='word_1_26' title='bbox 867 553 918 607; x_wconf 89' lang='lat' dir='ltr'><strong>pro</strong></span> <span class='ocrx_word' id='word_1_27' title='bbox 931 554 970 591; x_wconf 85' lang='lat' dir='ltr'><strong>re·</strong></span> 
     </span>
     <span class='ocr_line' id='line_1_6' title="bbox 172 607 975 682; baseline -0.005 -14"><span class='ocrx_word' id='word_1_28' title='bbox 172 615 244 670; x_wconf 85' lang='lat' dir='ltr'><strong>tione</strong></span> <span class='ocrx_word' id='word_1_29' title='bbox 252 613 310 669; x_wconf 83' lang='lat' dir='ltr'><strong>eius</strong></span> <span class='ocrx_word' id='word_1_30' title='bbox 319 609 466 666; x_wconf 79' lang='lat' dir='ltr'><strong>altitudinis</strong></span> <span class='ocrx_word' id='word_1_31' title='bbox 478 607 649 676; x_wconf 83' lang='lat' dir='ltr'><strong>inaedificari3</strong></span> <span class='ocrx_word' id='word_1_32' title='bbox 671 607 770 664; x_wconf 81' lang='lat' dir='ltr'><strong>fossam</strong></span> <span class='ocrx_word' id='word_1_33' title='bbox 782 608 921 679; x_wconf 77' lang='lat' dir='ltr'><strong>duplicem</strong></span> <span class='ocrx_word' id='word_1_34' title='bbox 930 628 975 682; x_wconf 88' lang='lat' dir='ltr'><strong>pe-</strong></span> 
     </span>
     <span class='ocr_line' id='line_1_7' title="bbox 173 681 975 758; baseline -0.004 -15"><span class='ocrx_word' id='word_1_35' title='bbox 173 689 240 744; x_wconf 89' lang='lat' dir='ltr'><strong>dum</strong></span> <span class='ocrx_word' id='word_1_36' title='bbox 252 687 367 758; x_wconf 89' lang='lat' dir='ltr'><strong>quinum</strong></span> <span class='ocrx_word' id='word_1_37' title='bbox 377 683 476 738; x_wconf 89' lang='lat' dir='ltr'><strong>denum</strong></span> <span class='ocrx_word' id='word_1_38' title='bbox 490 681 615 743; x_wconf 87' lang='lat' dir='ltr'><strong>lateribus</strong></span> <span class='ocrx_word' id='word_1_39' title='bbox 627 682 732 738; x_wconf 88' lang='lat' dir='ltr'><strong>directis</strong></span> <span class='ocrx_word' id='word_1_40' title='bbox 742 682 871 753; x_wconf 81' lang='lat' dir='ltr'><strong>deprimi3</strong></span> <span class='ocrx_word' id='word_1_41' title='bbox 895 687 975 740; x_wconf 89' lang='lat' dir='ltr'><strong>turris</strong></span> 
     </span>
     <span class='ocr_line' id='line_1_8' title="bbox 173 755 973 831; baseline -0.005 -13"><span class='ocrx_word' id='word_1_42' title='bbox 173 763 278 818; x_wconf 81' lang='lat' dir='ltr'><strong>crebrae</strong></span> <span class='ocrx_word' id='word_1_43' title='bbox 288 758 395 814; x_wconf 85' lang='lat' dir='ltr'><strong>excitari</strong></span> <span class='ocrx_word' id='word_1_44' title='bbox 406 758 433 812; x_wconf 92' lang='lat' dir='ltr'><strong>in</strong></span> <span class='ocrx_word' id='word_1_45' title='bbox 443 756 610 812; x_wconf 78' lang='lat' dir='ltr'><strong>altitudinem</strong></span> <span class='ocrx_word' id='word_1_46' title='bbox 619 756 701 811; x_wconf 90' lang='lat' dir='ltr'><strong>trium</strong></span> <span class='ocrx_word' id='word_1_47' title='bbox 711 755 901 823; x_wconf 78' lang='lat' dir='ltr'><strong>tabulatorum,</strong></span> <span class='ocrx_word' id='word_1_48' title='bbox 910 777 973 831; x_wconf 90' lang='lat' dir='ltr'><strong>pon-</strong></span> 
     </span>
     <span class='ocr_line' id='line_1_9' title="bbox 173 830 977 905; baseline -0.002 -13"><span class='ocrx_word' id='word_1_49' title='bbox 173 837 247 892; x_wconf 85' lang='lat' dir='ltr'><strong>tibus</strong></span> <span class='ocrx_word' id='word_1_50' title='bbox 256 830 865 905; x_wconf 84' lang='lat' dir='ltr'><strong>trensieotisconetratisqueconiungi‚quorum</strong></span> <span class='ocrx_word' id='word_1_51' title='bbox 878 833 977 890; x_wconf 80' lang='lat' dir='ltr'><strong>frontes</strong></span> 
     </span>
     <span class='ocr_line' id='line_1_10' title="bbox 173 905 978 978; baseline -0.004 -11"><span class='ocrx_word' id='word_1_52' title='bbox 173 911 290 968; x_wconf 82' lang='lat' dir='ltr'><strong>viminea</strong></span> <span class='ocrx_word' id='word_1_53' title='bbox 299 906 409 964; x_wconf 80' lang='lat' dir='ltr'><strong>loricula</strong></span> <span class='ocrx_word' id='word_1_54' title='bbox 419 906 597 971; x_wconf 83' lang='lat' dir='ltr'><strong>munirentur,</strong></span> <span class='ocrx_word' id='word_1_55' title='bbox 618 912 649 960; x_wconf 91' lang='lat' dir='ltr'><strong>ut</strong></span> <span class='ocrx_word' id='word_1_56' title='bbox 661 905 745 961; x_wconf 83' lang='lat' dir='ltr'><strong>bostis</strong></span> <span class='ocrx_word' id='word_1_57' title='bbox 760 924 775 960; x_wconf 87' lang='lat' dir='ltr'><strong>a</strong></span> <span class='ocrx_word' id='word_1_58' title='bbox 789 905 893 978; x_wconf 84' lang='lat' dir='ltr'><strong>duplici</strong></span> <span class='ocrx_word' id='word_1_59' title='bbox 908 909 978 964; x_wconf 84' lang='lat' dir='ltr'><strong>lesse</strong></span> 
     </span>
     <span class='ocr_line' id='line_1_11' title="bbox 173 978 978 1056; baseline -0.002 -16"><span class='ocrx_word' id='word_1_60' title='bbox 173 984 274 1056; x_wconf 85' lang='lat' dir='ltr'><strong>duplici</strong></span> <span class='ocrx_word' id='word_1_61' title='bbox 287 989 513 1056; x_wconf 77' lang='lat' dir='ltr'><strong>propugnatorum</strong></span> <span class='ocrx_word' id='word_1_62' title='bbox 526 979 619 1035; x_wconf 90' lang='lat' dir='ltr'><strong>ordine</strong></span> <span class='ocrx_word' id='word_1_63' title='bbox 633 978 827 1036; x_wconf 84' lang='lat' dir='ltr'><strong>defenderetur:</strong></span> <span class='ocrx_word' id='word_1_64' title='bbox 857 999 978 1054; x_wconf 87' lang='lat' dir='ltr'><strong>quorum</strong></span> 
     </span>
     <span class='ocr_line' id='line_1_12' title="bbox 173 1054 980 1130; baseline -0.001 -15"><span class='ocrx_word' id='word_1_65' title='bbox 173 1059 239 1116; x_wconf 83' lang='lat' dir='ltr'><strong>ulter</strong></span> <span class='ocrx_word' id='word_1_66' title='bbox 248 1055 425 1130; x_wconf 82' lang='lat' dir='ltr'><strong>expontibus,</strong></span> <span class='ocrx_word' id='word_1_67' title='bbox 438 1071 493 1126; x_wconf 92' lang='lat' dir='ltr'><strong>quo</strong></span> <span class='ocrx_word' id='word_1_68' title='bbox 501 1055 583 1110; x_wconf 88' lang='lat' dir='ltr'><strong>tutior</strong></span> <span class='ocrx_word' id='word_1_69' title='bbox 590 1054 730 1110; x_wconf 86' lang='lat' dir='ltr'><strong>altitudine</strong></span> <span class='ocrx_word' id='word_1_70' title='bbox 738 1062 816 1121; x_wconf 82' lang='lat' dir='ltr'><strong>esset,</strong></span> <span class='ocrx_word' id='word_1_71' title='bbox 832 1054 885 1112; x_wconf 86' lang='lat' dir='ltr'><strong>boo</strong></span> <span class='ocrx_word' id='word_1_72' title='bbox 894 1059 980 1114; x_wconf 81' lang='lat' dir='ltr'><strong>aude-</strong></span> 
     </span>
     <span class='ocr_line' id='line_1_13' title="bbox 174 1128 980 1206; baseline -0.002 -16"><span class='ocrx_word' id='word_1_73' title='bbox 174 1135 232 1190; x_wconf 84' lang='lat' dir='ltr'><strong>oiue</strong></span> <span class='ocrx_word' id='word_1_74' title='bbox 252 1131 413 1205; x_wconf 79' lang='lat' dir='ltr'><strong>longiusque</strong></span> <span class='ocrx_word' id='word_1_75' title='bbox 431 1128 482 1184; x_wconf 82' lang='lat' dir='ltr'><strong>tele</strong></span> <span class='ocrx_word' id='word_1_76' title='bbox 500 1129 674 1200; x_wconf 79' lang='lat' dir='ltr'><strong>permitteret3</strong></span> <span class='ocrx_word' id='word_1_77' title='bbox 705 1129 782 1197; x_wconf 79' lang='lat' dir='ltr'><strong>oller,</strong></span> <span class='ocrx_word' id='word_1_78' title='bbox 802 1130 851 1203; x_wconf 91' lang='lat' dir='ltr'><strong>qui</strong></span> <span class='ocrx_word' id='word_1_79' title='bbox 869 1134 980 1206; x_wconf 88' lang='lat' dir='ltr'><strong>propior</strong></span> 
     </span>
     <span class='ocr_line' id='line_1_14' title="bbox 173 1203 979 1277; baseline 0.001 -15"><span class='ocrx_word' id='word_1_80' title='bbox 173 1208 277 1266; x_wconf 83' lang='lat' dir='ltr'><strong>bostem</strong></span> <span class='ocrx_word' id='word_1_81' title='bbox 290 1206 319 1262; x_wconf 95' lang='lat' dir='ltr'><strong>in</strong></span> <span class='ocrx_word' id='word_1_82' title='bbox 334 1206 392 1277; x_wconf 86' lang='lat' dir='ltr'><strong>ipso</strong></span> <span class='ocrx_word' id='word_1_83' title='bbox 402 1203 471 1260; x_wconf 85' lang='lat' dir='ltr'><strong>vallo</strong></span> <span class='ocrx_word' id='word_1_84' title='bbox 478 1204 618 1260; x_wconf 84' lang='lat' dir='ltr'><strong>collocatus</strong></span> <span class='ocrx_word' id='word_1_85' title='bbox 627 1212 704 1270; x_wconf 81' lang='lat' dir='ltr'><strong>esset,</strong></span> <span class='ocrx_word' id='word_1_86' title='bbox 779 1212 804 1260; x_wconf 90' lang='lat' dir='ltr'><strong>te</strong></span> <span class='ocrx_word' id='word_1_87' title='bbox 811 1205 847 1260; x_wconf 80' lang='lat' dir='ltr'><strong>eh</strong></span> <span class='ocrx_word' id='word_1_88' title='bbox 856 1207 979 1264; x_wconf 85' lang='lat' dir='ltr'><strong>inciden-</strong></span> 
     </span>
     <span class='ocr_line' id='line_1_15' title="bbox 173 1277 979 1354; baseline 0 -16"><span class='ocrx_word' id='word_1_89' title='bbox 173 1283 248 1338; x_wconf 84' lang='lat' dir='ltr'><strong>tibus</strong></span> <span class='ocrx_word' id='word_1_90' title='bbox 267 1279 326 1336; x_wconf 85' lang='lat' dir='ltr'><strong>telis</strong></span> <span class='ocrx_word' id='word_1_91' title='bbox 345 1287 484 1354; x_wconf 77' lang='lat' dir='ltr'><strong>tegeretur.</strong></span> <span class='ocrx_word' id='word_1_92' title='bbox 517 1279 601 1336; x_wconf 81' lang='lat' dir='ltr'><strong>Portis</strong></span> <span class='ocrx_word' id='word_1_93' title='bbox 624 1277 692 1336; x_wconf 80' lang='lat' dir='ltr'><strong>iores</strong></span> <span class='ocrx_word' id='word_1_94' title='bbox 710 1279 869 1352; x_wconf 83' lang='lat' dir='ltr'><strong>etioreeque</strong></span> <span class='ocrx_word' id='word_1_95' title='bbox 890 1289 979 1338; x_wconf 78' lang='lat' dir='ltr'><strong>turrea</strong></span> 
     </span>
     <span class='ocr_line' id='line_1_16' title="bbox 174 1356 423 1418; baseline -0.02 -4"><span class='ocrx_word' id='word_1_96' title='bbox 174 1359 213 1414; x_wconf 91' lang='lat' dir='ltr'><strong>im</strong></span> <span class='ocrx_word' id='word_1_97' title='bbox 263 1356 313 1412; x_wconf 84' lang='lat' dir='ltr'><strong>uit.</strong></span> <span class='ocrx_word' id='word_1_98' title='bbox 420 1411 423 1418; x_wconf 24' lang='lat' dir='ltr'><strong>f</strong></span> 
     </span>
    </p>

    <p class='ocr_par' dir='ltr' id='par_1_3' title="bbox 175 1375 1025 2698">
     <span class='ocr_line' id='line_1_17' title="bbox 213 1375 980 1500; baseline -0.001 -12"><span class='ocrx_word' id='word_1_99' title='bbox 213 1375 268 1488; x_wconf 55' lang='lat' dir='ltr'><strong>plois.</strong></span> <span class='ocrx_word' id='word_1_100' title='bbox 288 1429 374 1487; x_wconf 85' lang='lat' dir='ltr'><strong>Huius</strong></span> <span class='ocrx_word' id='word_1_101' title='bbox 384 1428 540 1485; x_wconf 91' lang='lat' dir='ltr'><strong>munitionis</strong></span> <span class='ocrx_word' id='word_1_102' title='bbox 549 1427 649 1500; x_wconf 77' lang='lat' dir='ltr'><strong>duplex</strong></span> <span class='ocrx_word' id='word_1_103' title='bbox 658 1435 712 1486; x_wconf 85' lang='lat' dir='ltr'><strong>eret</strong></span> <span class='ocrx_word' id='word_1_104' title='bbox 721 1428 874 1485; x_wconf 85' lang='lat' dir='ltr'><strong>eonsilium.</strong></span> <span class='ocrx_word' id='word_1_105' title='bbox 895 1431 980 1487; x_wconf 83' lang='lat' dir='ltr'><strong>Nam-</strong></span> 
     </span>
     <span class='ocr_line' id='line_1_18' title="bbox 175 1502 981 1583; baseline -0.007 -17"><span class='ocrx_word' id='word_1_106' title='bbox 175 1526 230 1583; x_wconf 87' lang='lat' dir='ltr'><strong>que</strong></span> <span class='ocrx_word' id='word_1_107' title='bbox 240 1515 266 1564; x_wconf 93' lang='lat' dir='ltr'><strong>et</strong></span> <span class='ocrx_word' id='word_1_108' title='bbox 274 1523 385 1579; x_wconf 87' lang='lat' dir='ltr'><strong>operum</strong></span> <span class='ocrx_word' id='word_1_109' title='bbox 394 1502 606 1579; x_wconf 79' lang='lat' dir='ltr'><strong>magnitudinem</strong></span> <span class='ocrx_word' id='word_1_110' title='bbox 618 1512 644 1558; x_wconf 84' lang='lat' dir='ltr'><strong>et</strong></span> <span class='ocrx_word' id='word_1_111' title='bbox 657 1503 778 1558; x_wconf 88' lang='lat' dir='ltr'><strong>timorem</strong></span> <span class='ocrx_word' id='word_1_112' title='bbox 792 1521 876 1559; x_wconf 86' lang='lat' dir='ltr'><strong>suum</strong></span> <span class='ocrx_word' id='word_1_113' title='bbox 888 1523 981 1578; x_wconf 85' lang='lat' dir='ltr'><strong>spera-</strong></span> 
     </span>
     <span class='ocr_line' id='line_1_19' title="bbox 175 1576 980 1650; baseline -0.01 -8"><span class='ocrx_word' id='word_1_114' title='bbox 175 1585 222 1642; x_wconf 87' lang='lat' dir='ltr'><strong>bat</strong></span> <span class='ocrx_word' id='word_1_115' title='bbox 231 1583 355 1640; x_wconf 87' lang='lat' dir='ltr'><strong>fiduciam</strong></span> <span class='ocrx_word' id='word_1_116' title='bbox 364 1578 483 1635; x_wconf 77' lang='lat' dir='ltr'><strong>barbaris</strong></span> <span class='ocrx_word' id='word_1_117' title='bbox 492 1576 657 1634; x_wconf 85' lang='lat' dir='ltr'><strong>adlaturum:</strong></span> <span class='ocrx_word' id='word_1_118' title='bbox 678 1587 712 1644; x_wconf 84' lang='lat' dir='ltr'><strong>et,</strong></span> <span class='ocrx_word' id='word_1_119' title='bbox 724 1595 811 1650; x_wconf 91' lang='lat' dir='ltr'><strong>quum</strong></span> <span class='ocrx_word' id='word_1_120' title='bbox 820 1579 980 1650; x_wconf 74' lang='lat' dir='ltr'><strong>pabulatum</strong></span> 
     </span>
     <span class='ocr_line' id='line_1_20' title="bbox 175 1651 980 1727; baseline -0.007 -11"><span class='ocrx_word' id='word_1_121' title='bbox 175 1660 420 1727; x_wconf 82' lang='lat' dir='ltr'><strong>frumentatumque</strong></span> <span class='ocrx_word' id='word_1_122' title='bbox 434 1651 541 1726; x_wconf 86' lang='lat' dir='ltr'><strong>lougius</strong></span> <span class='ocrx_word' id='word_1_123' title='bbox 553 1660 621 1708; x_wconf 85' lang='lat' dir='ltr'><strong>esset</strong></span> <span class='ocrx_word' id='word_1_124' title='bbox 634 1652 866 1724; x_wconf 77' lang='lat' dir='ltr'><strong>proficiscendum,</strong></span> <span class='ocrx_word' id='word_1_125' title='bbox 888 1657 980 1726; x_wconf 85' lang='lat' dir='ltr'><strong>parvis</strong></span> 
     </span>
     <span class='ocr_line' id='line_1_21' title="bbox 176 1726 979 1806; baseline -0.005 -16"><span class='ocrx_word' id='word_1_126' title='bbox 176 1734 260 1806; x_wconf 86' lang='lat' dir='ltr'><strong>copiis</strong></span> <span class='ocrx_word' id='word_1_127' title='bbox 269 1739 353 1788; x_wconf 81' lang='lat' dir='ltr'><strong>cestra</strong></span> <span class='ocrx_word' id='word_1_128' title='bbox 363 1727 511 1784; x_wconf 85' lang='lat' dir='ltr'><strong>munitione</strong></span> <span class='ocrx_word' id='word_1_129' title='bbox 524 1727 582 1799; x_wconf 81' lang='lat' dir='ltr'><strong>ipsa</strong></span> <span class='ocrx_word' id='word_1_130' title='bbox 596 1727 703 1784; x_wconf 85' lang='lat' dir='ltr'><strong>videbat</strong></span> <span class='ocrx_word' id='word_1_131' title='bbox 712 1726 916 1799; x_wconf 84' lang='lat' dir='ltr'><strong>poesedeiendi.</strong></span> <span class='ocrx_word' id='word_1_132' title='bbox 937 1733 979 1786; x_wconf 94' lang='lat' dir='ltr'><strong>ln-</strong></span> 
     </span>
     <span class='ocr_line' id='line_1_22' title="bbox 176 1802 981 1877; baseline -0.004 -13"><span class='ocrx_word' id='word_1_133' title='bbox 176 1809 254 1864; x_wconf 84' lang='lat' dir='ltr'><strong>terim</strong></span> <span class='ocrx_word' id='word_1_134' title='bbox 264 1806 355 1862; x_wconf 89' lang='lat' dir='ltr'><strong>crebro</strong></span> <span class='ocrx_word' id='word_1_135' title='bbox 363 1803 456 1877; x_wconf 86' lang='lat' dir='ltr'><strong>puucis</strong></span> <span class='ocrx_word' id='word_1_136' title='bbox 465 1803 600 1875; x_wconf 86' lang='lat' dir='ltr'><strong>utrimque</strong></span> <span class='ocrx_word' id='word_1_137' title='bbox 610 1802 981 1875; x_wconf 84' lang='lat' dir='ltr'><strong>procurrentibus‚interbina</strong></span> 
     </span>
     <span class='ocr_line' id='line_1_23' title="bbox 176 1876 982 1952; baseline -0.004 -14"><span class='ocrx_word' id='word_1_138' title='bbox 176 1890 259 1939; x_wconf 85' lang='lat' dir='ltr'><strong>castre</strong></span> <span class='ocrx_word' id='word_1_139' title='bbox 274 1879 371 1952; x_wconf 91' lang='lat' dir='ltr'><strong>palude</strong></span> <span class='ocrx_word' id='word_1_140' title='bbox 385 1879 526 1943; x_wconf 73' lang='lat' dir='ltr'><strong>interiecta,</strong></span> <span class='ocrx_word' id='word_1_141' title='bbox 546 1876 763 1940; x_wconf 73' lang='lat' dir='ltr'><strong>contendebatur:</strong></span> <span class='ocrx_word' id='word_1_142' title='bbox 789 1895 874 1949; x_wconf 86' lang='lat' dir='ltr'><strong>quem</strong></span> <span class='ocrx_word' id='word_1_143' title='bbox 891 1887 982 1935; x_wconf 68' lang='lat' dir='ltr'><strong>umen</strong></span> 
     </span>
     <span class='ocr_line' id='line_1_24' title="bbox 176 1951 982 2028; baseline 0.001 -19"><span class='ocrx_word' id='word_1_144' title='bbox 176 1954 302 2028; x_wconf 86' lang='lat' dir='ltr'><strong>paludem</strong></span> <span class='ocrx_word' id='word_1_145' title='bbox 320 1971 523 2025; x_wconf 85' lang='lat' dir='ltr'><strong>nonnumquam</strong></span> <span class='ocrx_word' id='word_1_146' title='bbox 542 1960 589 2009; x_wconf 88' lang='lat' dir='ltr'><strong>aut</strong></span> <span class='ocrx_word' id='word_1_147' title='bbox 607 1961 695 2008; x_wconf 80' lang='lat' dir='ltr'><strong>nostra</strong></span> <span class='ocrx_word' id='word_1_148' title='bbox 719 1951 819 2008; x_wconf 76' lang='lat' dir='ltr'><strong>auxilia</strong></span> <span class='ocrx_word' id='word_1_149' title='bbox 841 1952 982 2010; x_wconf 73' lang='lat' dir='ltr'><strong>Gallorum</strong></span> 
     </span>
     <span class='ocr_line' id='line_1_25' title="bbox 178 2027 982 2104; baseline -0.001 -19"><span class='ocrx_word' id='word_1_150' title='bbox 178 2031 427 2099; x_wconf 84' lang='lat' dir='ltr'><strong>Germanorumque</strong></span> <span class='ocrx_word' id='word_1_151' title='bbox 436 2027 592 2095; x_wconf 83' lang='lat' dir='ltr'><strong>transibant,</strong></span> <span class='ocrx_word' id='word_1_152' title='bbox 608 2028 749 2099; x_wconf 85' lang='lat' dir='ltr'><strong>aeriusque</strong></span> <span class='ocrx_word' id='word_1_153' title='bbox 758 2027 846 2082; x_wconf 86' lang='lat' dir='ltr'><strong>hostes</strong></span> <span class='ocrx_word' id='word_1_154' title='bbox 856 2028 982 2104; x_wconf 81' lang='lat' dir='ltr'><strong>inseque-</strong></span> 
     </span>
     <span class='ocr_line' id='line_1_26' title="bbox 178 2101 983 2176; baseline 0.001 -17"><span class='ocrx_word' id='word_1_155' title='bbox 178 2105 288 2169; x_wconf 85' lang='lat' dir='ltr'><strong>buntur;</strong></span> <span class='ocrx_word' id='word_1_156' title='bbox 310 2110 356 2158; x_wconf 86' lang='lat' dir='ltr'><strong>aut</strong></span> <span class='ocrx_word' id='word_1_157' title='bbox 364 2101 485 2157; x_wconf 85' lang='lat' dir='ltr'><strong>vicissim</strong></span> <span class='ocrx_word' id='word_1_158' title='bbox 495 2103 592 2170; x_wconf 79' lang='lat' dir='ltr'><strong>hostes,</strong></span> <span class='ocrx_word' id='word_1_159' title='bbox 613 2102 734 2160; x_wconf 81' lang='lat' dir='ltr'><strong>eamdem</strong></span> <span class='ocrx_word' id='word_1_160' title='bbox 742 2104 914 2176; x_wconf 81' lang='lat' dir='ltr'><strong>transgressi,</strong></span> <span class='ocrx_word' id='word_1_161' title='bbox 936 2121 983 2160; x_wconf 92' lang='lat' dir='ltr'><strong>no-</strong></span> 
     </span>
     <span class='ocr_line' id='line_1_27' title="bbox 178 2175 1025 2252; baseline 0.001 -18"><span class='ocrx_word' id='word_1_162' title='bbox 178 2177 301 2234; x_wconf 87' lang='lat' dir='ltr'><strong>stroslon</strong></span> <span class='ocrx_word' id='word_1_163' title='bbox 321 2175 577 2232; x_wconf 84' lang='lat' dir='ltr'><strong>iuesubmovebnnt.</strong></span> <span class='ocrx_word' id='word_1_164' title='bbox 597 2176 984 2252; x_wconf 77' lang='lat' dir='ltr'><strong>Accidebatautemquotidia-</strong></span> <span class='ocrx_word' id='word_1_165' title='bbox 1024 2179 1025 2193; x_wconf 62' lang='lat'>¹</span> 
     </span>
     <span class='ocr_line' id='line_1_28' title="bbox 179 2193 983 2327; baseline -0.002 -15"><span class='ocrx_word' id='word_1_166' title='bbox 179 2255 222 2312; x_wconf 88' lang='lat' dir='ltr'><strong>nie</strong></span> <span class='ocrx_word' id='word_1_167' title='bbox 232 2193 457 2327; x_wconf 68' lang='lat' dir='ltr'><strong>pabubttionibue,</strong></span> <span class='ocrx_word' id='word_1_168' title='bbox 465 2251 493 2306; x_wconf 92' lang='lat' dir='ltr'><strong>id</strong></span> <span class='ocrx_word' id='word_1_169' title='bbox 501 2251 575 2322; x_wconf 91' lang='lat' dir='ltr'><strong>quod</strong></span> <span class='ocrx_word' id='word_1_170' title='bbox 584 2251 700 2307; x_wconf 86' lang='lat' dir='ltr'><strong>accidere</strong></span> <span class='ocrx_word' id='word_1_171' title='bbox 707 2258 762 2306; x_wconf 87' lang='lat' dir='ltr'><strong>erut</strong></span> <span class='ocrx_word' id='word_1_172' title='bbox 771 2268 888 2318; x_wconf 78' lang='lat' dir='ltr'><strong>necesse,</strong></span> <span class='ocrx_word' id='word_1_173' title='bbox 896 2271 983 2327; x_wconf 88' lang='lat' dir='ltr'><strong>quum</strong></span> 
     </span>
     <span class='ocr_line' id='line_1_29' title="bbox 179 2325 982 2398; baseline -0.002 -12"><span class='ocrx_word' id='word_1_174' title='bbox 179 2330 248 2386; x_wconf 86' lang='lat' dir='ltr'><strong>raris</strong></span> <span class='ocrx_word' id='word_1_175' title='bbox 257 2326 426 2398; x_wconf 82' lang='lat' dir='ltr'><strong>disiectisque</strong></span> <span class='ocrx_word' id='word_1_176' title='bbox 437 2344 471 2384; x_wconf 82' lang='lat' dir='ltr'><strong>ex</strong></span> <span class='ocrx_word' id='word_1_177' title='bbox 484 2325 611 2382; x_wconf 77' lang='lat' dir='ltr'><strong>aediliciis</strong></span> <span class='ocrx_word' id='word_1_178' title='bbox 625 2325 755 2397; x_wconf 87' lang='lat' dir='ltr'><strong>pabulum</strong></span> <span class='ocrx_word' id='word_1_179' title='bbox 770 2327 982 2398; x_wconf 84' lang='lat' dir='ltr'><strong>conquireretur,</strong></span> 
     </span>
     <span class='ocr_line' id='line_1_30' title="bbox 180 2399 985 2477; baseline -0.005 -15"><span class='ocrx_word' id='word_1_180' title='bbox 180 2415 212 2462; x_wconf 92' lang='lat' dir='ltr'><strong>ut</strong></span> <span class='ocrx_word' id='word_1_181' title='bbox 224 2402 358 2477; x_wconf 84' lang='lat' dir='ltr'><strong>impeditis</strong></span> <span class='ocrx_word' id='word_1_182' title='bbox 373 2401 437 2457; x_wconf 89' lang='lat' dir='ltr'><strong>loeis</strong></span> <span class='ocrx_word' id='word_1_183' title='bbox 448 2401 563 2473; x_wconf 81' lang='lat' dir='ltr'><strong>dispersi</strong></span> <span class='ocrx_word' id='word_1_184' title='bbox 576 2399 743 2472; x_wconf 79' lang='lat' dir='ltr'><strong>pebulatoree</strong></span> <span class='ocrx_word' id='word_1_185' title='bbox 756 2401 985 2458; x_wconf 83' lang='lat' dir='ltr'><strong>circumveniren-</strong></span> 
     </span>
     <span class='ocr_line' id='line_1_31' title="bbox 180 2474 984 2552; baseline -0.004 -17"><span class='ocrx_word' id='word_1_186' title='bbox 180 2491 238 2536; x_wconf 88' lang='lat' dir='ltr'><strong>tur:</strong></span> <span class='ocrx_word' id='word_1_187' title='bbox 260 2495 329 2552; x_wconf 87' lang='lat' dir='ltr'><strong>quee</strong></span> <span class='ocrx_word' id='word_1_188' title='bbox 340 2494 381 2532; x_wconf 83' lang='lat' dir='ltr'><strong>res</strong></span> <span class='ocrx_word' id='word_1_189' title='bbox 394 2477 443 2532; x_wconf 84' lang='lat' dir='ltr'><strong>etsi</strong></span> <span class='ocrx_word' id='word_1_190' title='bbox 456 2475 586 2532; x_wconf 85' lang='lat' dir='ltr'><strong>mediocre</strong></span> <span class='ocrx_word' id='word_1_191' title='bbox 598 2474 785 2532; x_wconf 86' lang='lat' dir='ltr'><strong>detrimentum</strong></span> <span class='ocrx_word' id='word_1_192' title='bbox 802 2475 984 2532; x_wconf 87' lang='lat' dir='ltr'><strong>iumentorum</strong></span> 
     </span>
     <span class='ocr_line' id='line_1_32' title="bbox 181 2548 985 2623; baseline -0.001 -15"><span class='ocrx_word' id='word_1_193' title='bbox 181 2571 354 2610; x_wconf 82' lang='lat' dir='ltr'><strong>aoeervorum</strong></span> <span class='ocrx_word' id='word_1_194' title='bbox 363 2551 460 2607; x_wconf 80' lang='lat' dir='ltr'><strong>nostris</strong></span> <span class='ocrx_word' id='word_1_195' title='bbox 469 2548 609 2614; x_wconf 74' lang='lat' dir='ltr'><strong>adferebat,</strong></span> <span class='ocrx_word' id='word_1_196' title='bbox 617 2557 705 2604; x_wconf 86' lang='lat' dir='ltr'><strong>temen</strong></span> <span class='ocrx_word' id='word_1_197' title='bbox 714 2548 985 2623; x_wconf 83' lang='lat' dir='ltr'><strong>stultascogitutionce</strong></span> 
     </span>
     <span class='ocr_line' id='line_1_33' title="bbox 182 2623 983 2698; baseline -0.001 -16"><span class='ocrx_word' id='word_1_198' title='bbox 182 2628 307 2684; x_wconf 86' lang='lat' dir='ltr'><strong>incitabat</strong></span> <span class='ocrx_word' id='word_1_199' title='bbox 316 2625 503 2695; x_wconf 67' lang='lat' dir='ltr'><strong>barbarorum</strong></span> <span class='ocrx_word' id='word_1_200' title='bbox 518 2630 597 2697; x_wconf 85' lang='lat' dir='ltr'><strong>etque</strong></span> <span class='ocrx_word' id='word_1_201' title='bbox 606 2640 637 2680; x_wconf 93' lang='lat' dir='ltr'><strong>eo</strong></span> <span class='ocrx_word' id='word_1_202' title='bbox 646 2623 742 2698; x_wconf 78' lang='lat' dir='ltr'><strong>magis.</strong></span> <span class='ocrx_word' id='word_1_203' title='bbox 753 2623 828 2696; x_wconf 89' lang='lat' dir='ltr'><strong>quod</strong></span> <span class='ocrx_word' id='word_1_204' title='bbox 833 2624 983 2690; x_wconf 79' lang='lat' dir='ltr'><strong>Commius¹</strong></span> 
     </span>
    </p>
   </div>
   <div class='ocr_carea' id='block_1_3' title="bbox 0 0 1052 2998">
    <p class='ocr_par' dir='ltr' id='par_1_4' title="bbox 0 0 1052 2998">
     <span class='ocr_line' id='line_1_34' title="bbox 0 0 1052 2998; baseline 0 0"><span class='ocrx_word' id='word_1_205' title='bbox 0 0 1052 2998; x_wconf 95' lang='lat' dir='ltr'><strong> </strong></span> 
     </span>
    </p>
   </div>
  </div>
 </body>
</html>
