2042 3004
168 104 217 160 ete
390 109 442 156 nn
462 107 587 155 nunno
606 103 726 154 cmm

167 209 332 284 nunciusque
340 207 464 265 dimissos
475 208 509 262 ad
517 223 570 272 eos,
581 208 627 279 qui
638 223 708 261 seex
717 203 780 278 luga
791 204 824 260 in
839 205 973 263 finitimas

168 287 285 346 civitates
299 285 427 356 recepisse
439 283 595 348 dicerentur,
616 299 651 336 ne
662 279 835 336 Antiochiam
849 283 970 338 adirent:

168 361 196 416 id
205 362 229 416 si
237 360 368 424 fecissent,
383 373 479 431 magno
492 372 583 412 ouum
595 355 687 427 ospitis
698 353 818 427 periculo
833 355 970 412 futurum.

169 436 242 491 idem
251 436 301 492 hoo
310 435 341 490 L.
351 433 470 496 Lentulo,
481 432 529 504 qni
538 431 671 504 superiore
680 447 749 486 anuo
758 431 858 486 oonsul
876 433 969 494 luerat,

169 519 195 566 et
211 512 242 566 P.
261 507 372 566 lentulo
389 506 533 572 oonsuleri,
553 521 584 560 so
603 504 737 560 nonnullis
755 503 818 560 eliis
840 507 970 562 assideret

170 584 270 640 Rhodi:
309 584 356 656 qni
375 599 460 655 quum
479 599 513 638 ex
535 579 597 654 lugu
615 580 770 650 Pompeium
789 591 970 654 sequerentur
997 597 998 608 ¹

170 669 249 732 atque
265 659 294 714 in
312 658 428 713 insulam
446 657 587 719 venissent,
606 655 703 726 oppido
721 671 751 708 ae
768 663 853 725 portu
874 657 969 728 reoepti

170 751 223 790 non
238 739 323 788 mant:
345 732 488 803 missisque
502 732 535 786 ed
550 745 594 786 eos
612 729 725 794 nunciis,
746 739 776 783 ut
795 745 832 785 ex
852 731 891 786 iis
911 731 968 786 locis

157 807 340 871 'disoederent
357 812 443 860 contra
459 805 617 861 voluntatem
631 821 707 858 sunm
722 819 806 858 neves
819 803 967 862 solverant.

84 922 88 928 ,
171 883 279 952 lemque
297 880 331 934 de
348 879 466 934 Cameris
485 881 599 944 adventu
613 877 682 934 lama
695 878 729 934 ud
746 878 872 935 civitates
887 881 968 954 peris

173 955 287 1010 rebatur.
605 979 610 988 ·
745 987 748 997 ·

225 1023 292 1084 Clll.
311 1025 415 1094 Quibus
432 1027 544 1102 oognitis
562 1026 655 1093 rebus,
674 1027 825 1098 Pompeius,
849 1027 968 1101 deposito

171 1101 306 1160 adeundae
315 1101 406 1176 Syriae
413 1101 531 1167 oonsilio,
538 1103 652 1174 pecunie
663 1102 791 1156 societatis
801 1101 913 1158 sublata
924 1114 968 1160 ete

172 1175 333 1250 quibusdam
342 1177 451 1248 privetis
460 1187 556 1241 sumtu,
577 1185 602 1232 et
615 1176 682 1232 aeris
697 1193 794 1250 magno
807 1178 968 1248 ponderead

173 1250 314 1308 militarem
324 1253 438 1308 usumin
449 1269 529 1308 naves
538 1252 668 1324 imposito.
674 1251 834 1324 duobusque
845 1253 967 1309 millibus

159 1327 313 1384 vbominum
323 1327 439 1392 armetis,
454 1327 550 1398 partim
559 1343 627 1398 quos
641 1343 674 1381 ex
688 1325 966 1400 familiisbooietaturn

173 1401 311 1478 delegerat,
323 1402 419 1473 partim
427 1419 443 1457 e
452 1401 656 1474 negotiatoribus
664 1407 788 1474 ooegeret,
800 1417 930 1474 quosque
938 1421 966 1458 er

173 1478 231 1534 suis
240 1477 355 1552 quisque
365 1477 399 1533 ad
407 1477 476 1531 nene
488 1493 544 1530 rem
558 1475 664 1530 idoneos
675 1475 852 1541 existimabat,
867 1477 967 1533 Pelusi-

173 1571 222 1608 um
230 1553 359 1624 pervenit.
379 1551 419 1606 Ibi
429 1555 491 1606 casu
500 1567 547 1606 rex
556 1550 785 1613 eratPtolerneeus,
797 1567 867 1622 puer
876 1561 964 1618 estete,

174 1628 279 1700 magnis
297 1627 379 1698 eopiis
397 1643 459 1680 oum
478 1641 566 1680 sorore
584 1625 717 1695 Cleopatra
736 1624 838 1680 bellum
856 1643 964 1700 gerens,

175 1719 257 1774 quem
266 1701 357 1774 perrois
367 1708 426 1756 ante
435 1699 572 1756 mensibus
582 1715 628 1770 per
639 1716 702 1754 suos
715 1701 881 1772 propinquos
891 1712 966 1775 atque

175 1776 272 1833 amicos
282 1774 518 1850 regnoexpulsret3
539 1781 676 1845 uestraque
684 1774 833 1844 Cleopatrae
846 1791 901 1832 non
914 1777 966 1834 lou·
997 1779 998 1792 ¹

174 1867 209 1923 go
218 1850 303 1920 spatio
317 1851 350 1905 ab
364 1849 526 1920 eiuscastris
542 1849 680 1904 distabant
700 1848 741 1904 Ad
753 1865 815 1903 eum
826 1849 965 1923 Pompeius

177 1924 257 1983 misit,
278 1932 308 1978 ut
322 1941 369 1995 pro
383 1924 494 1994 hospitio
504 1933 583 1995 etque
596 1924 708 1978 amicitie
717 1923 797 1994 [tetris
807 1923 965 1982 Alexandria

176 1997 419 2069 recipereturatque
431 1997 503 2062 illius
516 1999 613 2069 opibus
627 1998 653 2053 in
668 1996 811 2054 calamitate
828 2005 964 2072 tegeretur.

177 2071 237 2135 Sed,
256 2071 303 2142 qui
317 2071 351 2126 ab
365 2089 395 2126 eo
408 2071 484 2126 missi
497 2079 579 2136 eram,
600 2073 715 2129 contento
724 2072 860 2146 legationis
869 2075 962 2137 officio,

177 2145 286 2200 liberius
297 2162 357 2202 oum
368 2145 498 2200 militibus
512 2147 581 2219 regis
594 2144 708 2220 colloqui
723 2157 964 2224 eoeperunteosque

177 2220 284 2286 hortari,
304 2228 334 2276 ut
349 2237 429 2276 suum
443 2219 559 2275 officium
576 2223 698 2292 Pompeio
712 2229 880 2294 praestarent,
900 2243 964 2296 neve

178 2297 236 2352 eius
249 2293 379 2352 lortunem
390 2295 560 2366 despicerent.
581 2297 611 2350 ln
628 2297 678 2351 hoe
690 2304 762 2352 eram
775 2311 885 2353 numero
895 2315 964 2355 oom-

179 2370 269 2442 plures
286 2371 402 2443 Pompeii
420 2367 530 2433 milites:
551 2386 628 2441 quos,
651 2387 684 2426 ex
698 2373 755 2426 eius
768 2372 880 2426 exercitu
896 2391 963 2429 acce-

179 2453 237 2514 ptos
256 2445 284 2500 iu
301 2445 392 2519 Syria,
418 2444 547 2502 Gabinius
566 2445 751 2500 Alexandriam
774 2445 959 2514 transduxerat,

180 2517 302 2642 {initoque
310 2519 434 2586 coniecto,
444 2519 514 2592 apud
525 2519 709 2584 Ptolemaeum,
721 2527 818 2590 petrem
830 2523 912 2588 pueri,
926 2541 962 2578 re-

194 2601 303 2662 tqueret.
772 2611 774 2614 ·
