2064 2996
315 165 388 208 ΗΒ.
402 163 439 208 11.
472 164 550 211 CAP.
565 167 607 211 12.
828 164 860 217 l3
875 187 879 196 ·

64 279 111 336 qua
120 262 254 328 deoaussa
269 261 445 326 discederent,
462 261 581 317 nondum
594 273 769 336 perspexerat,
785 285 861 322 exer-

62 339 136 392 citum
146 339 352 410 equitatumque
361 337 457 391 eastris
466 338 602 392 oontinuit.
622 339 710 394 Prima
720 339 786 406 luca,
798 359 861 396 oon-

61 413 158 486 firmata
172 429 202 466 re
216 413 251 466 ab
265 410 487 482 exploratoribus,
508 428 614 466 omnem
635 413 791 484 equitatum,
809 418 860 488 qui

57 487 234 542 novissimum
249 503 346 560 agmen
363 492 520 550 moraretur,
539 487 685 556 praemisit.
705 487 753 541 His
766 487 798 554 Q.
813 491 861 544 Pe-

55 561 129 616 dium
140 568 166 616 et
176 561 207 615 L.
220 558 437 614 Aurunculeium
452 559 552 614 Cottam
567 560 665 634 legatos
678 560 809 633 praefecit.
830 564 859 617 T.

56 637 202 690 Labienum
212 634 330 708 legatum
339 651 404 688 oum
414 632 563 706 legionibus
573 635 658 689 tribus
667 636 796 708 subsequi
805 637 861 691 ius-

55 711 98 764 sit.
117 710 160 776 Hi,
173 710 336 764 novissimos
345 707 432 762 adorti
441 714 466 761 et
475 707 558 762 multa
567 709 650 763 millia
660 727 788 780 passuum
798 727 861 782 pro-

53 785 146 850 secuti,
158 800 287 856 magnam
296 781 498 836 multitudinem
512 799 603 836 eorum
618 783 777 857 fugientium
796 803 860 840 oon-

52 859 184 922 ciderunt,
205 873 291 928 quum
304 857 339 911 ab
357 862 476 910 extremo
485 857 599 929 agmine,
620 859 654 913 ad
666 875 734 931 quos
748 867 858 916 ventum

52 941 116 999 erat,
128 933 302 988 consisterent
311 930 467 1001 fortiterque
480 929 608 1001 impetum
623 940 772 988 nostrorum
785 935 858 988 mili-

51 1017 111 1064 tum
121 1006 296 1074 sustinerent,
318 1005 431 1077 priores,
442 1002 773 1078 (quodebessouperioulo
783 1009 858 1064 vids

50 1089 153 1147 rentur,
171 1097 257 1152 neque
266 1079 322 1134 ulla
333 1079 496 1145 neoessitate,
517 1096 603 1151 neque
616 1081 726 1152 imperio
740 1084 857 1138 eontine-

51 1154 165 1229 rentur,)
172 1155 295 1210 exaudito
304 1153 429 1218 elamore,
440 1154 597 1224 perturbatis
606 1155 752 1221 ordinibus,
764 1173 856 1212 omnes

52 1233 81 1286 in
91 1227 155 1304 fuga
164 1231 217 1284 sibi
227 1228 392 1301 praesidium
402 1235 537 1299 ponerent.
557 1229 593 1283 lta
604 1230 662 1284 sine
672 1229 728 1285 ullo
740 1231 856 1302 periculo

51 1313 153 1359 tantam
159 1321 251 1360 eorum
261 1301 464 1358 multitudinem
473 1303 555 1357 nostri
566 1303 757 1370 interfecerunt,
769 1321 856 1376 quan-

52 1387 113 1434 tum
128 1377 178 1433 fuit
190 1378 243 1434 diei
257 1378 391 1450 spatium:
412 1377 464 1431 sub
477 1392 652 1450 oocasumque
668 1378 732 1434 solis
750 1379 857 1434 destite-

52 1453 126 1518 runt,
138 1471 219 1526 seque
230 1454 258 1508 in
269 1459 366 1517 castra,
377 1457 408 1505 ut
416 1457 470 1505 erat
479 1452 646 1522 imperatum,
658 1461 817 1524 receperunt.

104 1528 164 1583 XII.
184 1526 315 1583 Postridie
325 1527 385 1580 eius
398 1525 450 1580 diei
460 1526 563 1589 Caesar,
585 1526 660 1596 prius
674 1543 755 1596 quam
770 1543 798 1580 se
807 1527 856 1580 bo-

49 1610 103 1658 stee
113 1619 146 1658 ex
155 1609 254 1658 terrore
263 1619 294 1655 ae
303 1601 369 1674 fuga
379 1601 530 1670 reciperent,
553 1599 581 1652 in
594 1599 660 1652 fines
670 1599 853 1664 Suessionum,

47 1677 98 1750 qui
106 1676 223 1748 proximi
233 1675 325 1730 Remis
335 1680 419 1740 erant,
431 1674 575 1728 exereitum
586 1673 662 1727 duxit
671 1679 697 1726 et
706 1689 804 1746 magno
813 1674 856 1727 iti-

49 1767 112 1807 nere
129 1748 246 1808 confecto
259 1750 293 1804 ad
307 1747 438 1820 oppidum
456 1747 644 1803 Noviodunum
663 1748 805 1802 contendit.
826 1749 856 1803 Id

47 1844 81 1881 ex
90 1827 184 1882 itinere
192 1841 352 1898 oppugnare
359 1830 477 1887 oonatus,
489 1822 562 1893 quod
572 1839 683 1877 vacuum
694 1823 727 1877 ab
735 1822 855 1878 defenso·

46 1901 124 1956 ribus
133 1916 193 1957 esse
200 1899 337 1962 audiebat,
348 1903 453 1967 propter
462 1896 627 1951 latitudinem
637 1895 722 1952 fossae
730 1899 855 1971 murique

47 1975 225 2039 altitudinem,
242 1972 336 2045 paucis
350 1969 559 2036 defendentibus,
581 1989 733 2046 expugnare
743 1989 795 2028 non
805 1991 854 2046 po-

46 2051 107 2104 tuit.
128 2049 230 2106 Castris
240 2045 365 2110 munitis,
388 2045 571 2118 vineasagere,
592 2047 755 2119 quaeqroad
769 2065 854 2119 oppu-

47 2123 187 2198 gnandum
196 2123 261 2177 usui
270 2126 356 2184 erant,
369 2123 519 2190 comparare
531 2121 623 2191 eoepit.
644 2122 752 2178 Interim
765 2123 853 2177 omnis

47 2216 79 2253 ex
89 2197 153 2272 fuga
160 2197 340 2253 Suessionum
350 2193 491 2248 multitudo
501 2195 527 2249 in
538 2195 666 2266 oppidum
675 2197 795 2269 proxima
806 2211 854 2250 no-

48 2273 227 2329 oteoonvenit.
248 2268 375 2325 Celeriter
383 2268 469 2324 vineis
479 2268 512 2322 ad
524 2270 651 2341 oppidum
664 2271 736 2334 actis,
759 2285 854 2341 aggere

49 2347 125 2414 iaoto,
145 2345 326 2416 turribusque
345 2342 506 2407 eonstitutis,
530 2344 714 2416 magnitudine
731 2358 851 2412 operum,

49 2438 115 2491 quae
124 2433 213 2494 neque
222 2418 348 2474 viderant
360 2423 420 2471 anto
429 2415 507 2482 Galli,
520 2435 606 2489 neque
615 2415 760 2478 audierant,
777 2423 802 2468 et
811 2432 855 2470 oo

49 2493 145 2552 leritate
163 2497 350 2550 Romanorum
370 2491 489 2562 permoti,
510 2491 608 2564 legatos
622 2491 656 2544 ad
670 2489 808 2542 Caesarem
821 2488 854 2542 de

51 2567 178 2626 deditione
187 2567 303 2623 mittunt
311 2572 345 2630 et,
359 2565 508 2637 petentibus
518 2566 618 2628 Remis,
629 2569 660 2616 ut
668 2577 856 2616 oonservaren-

52 2651 98 2711 tur,
112 2645 271 2718 impetrant.
