2042 3004
174 135 223 192 illi
371 136 405 184 A.
424 135 555 184 uitauit
571 134 622 182 DE
640 134 766 182 esum

174 241 311 309 Canopum
321 235 350 290 in
363 235 475 290 statione
482 233 618 304 dispositis
633 231 757 297 navibus,
780 231 975 288 insidiabantur

173 313 271 368 nostris
280 309 478 364 commeatibus.
498 299 575 373 Quod
583 307 631 362 uhi
641 306 746 362 Caesari
757 308 926 362 nunciatum
934 315 973 368 ost,

174 387 285 442 classem
295 383 367 439 iubet
377 381 494 453 expediri
504 388 583 452 atque
597 379 704 435 instrui.
725 380 851 436 Praesrcit
865 381 973 436 liriicTi.

174 462 312 516 Neronem.
336 456 540 512 Proficiscuntur
557 454 586 510 in
605 471 635 509 ea
652 454 738 508 classe
756 454 882 510 Rhodiae
902 471 974 510 naver

174 543 253 606 atque
262 533 290 588 in
302 531 345 586 his
355 529 522 603 Euphranor,
537 529 658 600 sineque
667 527 742 583 nulla
752 544 893 599 umquam
903 530 975 584 dimi·

174 609 241 663 catio
259 605 405 670 maritima,
425 602 499 658 nulla
520 603 599 658 etiam
617 618 712 674 parum
730 600 846 656 feliciter
865 602 974 658 coniecta

174 689 239 738 erat.
266 678 426 742 litorium,
446 693 515 748 quae
528 674 685 748 plerumque
700 691 755 740 eon,
771 691 845 746 quos
854 676 973 748 plurimis

174 753 308 810 beneficiis
316 753 428 816 ornavit,
448 750 483 805 ad
493 749 628 804 duriorem
641 765 735 804 casum
749 759 883 815 reservat,
903 767 974 821 supe-
1005 800 1008 823 ,

175 829 274 883 riorum
289 833 437 896 temporum
451 823 600 888 dissimilia,
611 821 815 894 Euphranorem
833 840 974 896 pmseque·

174 902 262 957 hatur.
281 899 349 952 Nam
362 913 448 968 quum
462 897 495 951 ad
505 897 642 968 Canopum
656 903 766 952 ventum
780 905 865 963 esset,
881 899 975 953 instru-

173 982 267 1044 ctaque
279 971 415 1042 utrimque
427 968 521 1025 elassis
537 969 705 1034 conflixisset,
725 976 752 1024 et
768 987 819 1026 sua
834 981 976 1028 consuetu-

174 1048 236 1102 dine
244 1043 402 1116 Euphranor
415 1045 521 1115 primus
533 1043 665 1116 proelium
683 1043 867 1100 commisisset
882 1055 910 1102 et
928 1046 977 1100 illic

172 1121 307 1175 triremem
322 1117 440 1174 hostium
458 1118 614 1190 perforasset
630 1135 661 1173 ao
678 1118 867 1176 demersisset:
889 1121 977 1192 proxi·

173 1210 245 1250 mam
256 1192 363 1268 longius
372 1193 516 1258 insecutus,
538 1209 634 1264 parum
643 1190 760 1248 celeriter
769 1191 976 1264 insequentibus

173 1267 293 1340 reliquis,
305 1267 502 1323 circumventus
513 1267 546 1322 ab
555 1263 742 1322 Alexandrinis
750 1273 802 1320 est.
824 1266 879 1322 Cui
889 1269 977 1324 subsi-

172 1341 249 1396 dium
259 1359 336 1398 nemo
346 1342 420 1408 tulit;
440 1343 498 1396 sive
510 1340 582 1414 quod
595 1340 622 1395 in
639 1339 696 1410 ipso
709 1340 774 1394 satis
788 1343 923 1411 praesidii
934 1359 977 1416 pro

173 1417 271 1473 virtute
284 1433 315 1472 ao
328 1415 448 1472 felicitate
466 1415 526 1472 eius
540 1421 662 1488 putarent
673 1431 739 1479 esse,
760 1414 820 1470 sive
833 1417 915 1488 quod
929 1417 976 1488 ipsi

173 1491 226 1547 sibi
244 1491 382 1546 timebant.
421 1491 511 1562 ltaque
530 1505 602 1547 unus
620 1505 654 1542 ex
672 1487 799 1544 omnibus
824 1507 857 1544 eo
880 1491 975 1562 proelio

172 1566 242 1624 bone
259 1581 315 1620 rem
336 1564 427 1639 gessit,
449 1562 523 1620 solus
539 1579 602 1619 oum
616 1579 666 1618 sua
684 1561 853 1634 quadriremi
873 1566 975 1622 victrice

207 1640 260 1694 riit.

172 1657 206 1712 pe
227 1712 327 1768 XXVI.
347 1711 404 1767 Sub
415 1710 485 1766 idem
494 1718 600 1784 tempus
609 1708 772 1768 Mithridates
781 1709 972 1784 Pergamenus,

173 1803 286 1862 magnae
294 1785 438 1842 nobilitatis
447 1785 531 1852 domi,
550 1783 973 1856 scientiaequeinbelloetvirtu·

173 1861 217 1926 tis,
237 1860 298 1916 fidei
308 1860 498 1934 dignitatisque
511 1860 540 1915 in
553 1859 667 1914 amicitia
677 1857 811 1922 Caesaris,
834 1861 940 1918 missus
951 1862 973 1914 in

173 1933 279 2006 Syriam
293 1933 467 2005 Ciliciamque
480 1933 556 1988 initio
568 1932 632 1990 belli
640 1930 814 1986 Alexandrini
830 1933 868 1990 ad
878 1935 974 1992 auxilia
1008 1997 1009 2000 Ἰ

173 2006 336 2070 arcessenda,
348 2023 459 2080 magnas
469 2009 566 2078 copias,
578 2005 773 2080 quasoclcriter,
785 2013 811 2060 et
821 2011 974 2082 propensis·
1008 2019 1009 2030 ¹

173 2081 242 2134 sima
251 2079 388 2136 civitatum
399 2080 542 2145 voluntate,
559 2089 584 2135 et
598 2079 801 2153 suediligentia,
818 2083 972 2146 confecerat
1008 2135 1009 2150 ,

173 2153 265 2209 itinere
275 2152 398 2224 pedestri,
416 2171 470 2226 quo
479 2155 650 2227 coniungitur
658 2154 795 2228 Aegyptus
807 2153 917 2230 Syriae,
932 2160 974 2213 Pe
1008 2217 1009 2232 ,

174 2226 275 2284 lusium
285 2225 405 2282 adducit:
427 2227 508 2300 idque
517 2229 656 2300 oppidum,
670 2228 745 2282 firmo
753 2229 893 2298 praesidio
902 2249 974 2288 oocu-
1008 2238 1009 2258 ¹

174 2293 266 2374 patur‘n
284 2299 403 2358 Achillae
414 2309 520 2374 propter
537 2301 757 2376 opportunitatem
771 2300 833 2367 loci,
850 2303 975 2378 (namque

174 2383 226 2432 tota
235 2375 372 2450 Aegyptus
381 2374 514 2432 maritimo
523 2394 628 2432 accessu
633 2375 726 2440 Pharo,
737 2374 855 2446 pedestri
861 2380 973 2444 Pelusio,

174 2448 248 2505 velut
264 2449 400 2514 claustris,
425 2451 527 2506 munita
546 2447 719 2521 existimatur)
739 2457 849 2517 repento
871 2456 975 2528 magnis

173 2522 366 2579 circumdatum
384 2523 479 2594 copiis,
500 2521 641 2592 multiplici
659 2519 789 2605 praesidio
807 2525 976 2593 pertinaciter

86 2610 90 2619 ²
173 2596 413 2670 propugnantibus,
433 2604 458 2651 et
467 2597 602 2668 copiarum
612 2593 805 2668 magnitudine,
827 2614 904 2670 quas
914 2602 976 2658 inte
